4576 5834
1211 309 1231 374 8

309 514 428 600 Engeri
450 513 588 580 editione
612 519 870 579 commemoratas
893 511 1003 578 habes.
1047 510 1145 575 ueluti
1172 510 1347 577 bleinelrine
1375 531 1403 578 ν.
1435 514 1472 578 11
1496 509 1698 590 ἀνόρόλημον
1720 531 1776 595 pro
1798 508 1949 575 libromm
1970 509 2129 594 scriptura

311 615 530 695 ἀνδρόβουλον
552 614 666 680 collata
686 612 840 697 Hesychii
863 612 970 697 glossa
988 611 1198 692 dvbpolripnv·
1221 611 1338 691 ἀνδρὸς
1354 613 1470 692 ἔχουςα
1489 615 1573 691 λῆμα
1598 611 1779 696 suspicatus
1805 609 2126 694 aet,Weckleiuius*)

311 739 340 783 ν.
366 717 406 784 14
427 715 596 781 ἀντίπνους
618 737 675 800 pro
698 715 844 779 libromm
868 713 1023 799 scriptura
1045 713 1111 780 ἀνθ’
1140 714 1242 780 ὕπνου
1275 714 1451 800 temptavit,
1483 712 1655 780 Mauricius
1686 712 1880 780 Schmidtius
1901 714 2013 780 eodem
2035 735 2127 782 versu

312 817 412 898 μάτην
443 838 501 902 pro
533 818 685 883 libromm
718 815 873 900 scriptura
905 816 984 894 ἐμήν
1017 825 1049 882 et
1079 838 1109 883 ν.
1146 819 1184 882 15
1216 817 1307 882 davd
1339 836 1397 901 pro
1429 814 1518 899 ὕπνῳ
1554 813 1697 896 coniecit,
1723 834 1817 899 porro
1839 815 2013 882 Ahrensius
2034 837 2064 886 v.
2089 823 2128 885 17

312 917 709 999 antevertendum.
733 917 945 1002 etVen.pro
978 917 1166 1002 reliquorum
1198 918 1347 983 librorum
1380 916 1538 1002 scriptura
1569 914 1728 994 ἐντέμνων
1761 915 1885 998 ascivit,
1914 917 2127 1003 llaehlyuffl)

311 1041 341 1086 v.
365 1023 406 1087 32
428 1019 464 1086 ειί
486 1018 612 1086 πετόντ’
638 1019 673 1084 εὖ
696 1019 829 1098 θήςομαι
855 1039 913 1103 pro
946 1019 1097 1085 librorum
1130 1018 1286 1102 scriptura
1313 1018 1347 1084 εὗ
1374 1019 1512 1084 πεςόντα
1538 1017 1673 1096 θήςομαι
1696 1025 1890 1084 commentus
1911 1025 1969 1102 est,
1991 1019 2127 1105 denique

311 1122 623 1208 Herwerdenus**⁴*)
646 1117 687 1186 ad
709 1143 738 1186 ν.
763 1121 804 1186 10
828 1120 1064 1205 Hesychianam
1096 1120 1237 1204 glossam
1271 1139 1365 1202 quam
1397 1119 1491 1186 modo
1524 1118 1774 1202 commemoravi,
1808 1139 1879 1185 cnm
1911 1121 2071 1188 lleiuekio
2098 1129 2128 1188 et

314 1224 466 1310 Hesychii
489 1224 607 1290 editore
630 1222 804 1290 Schmidtio
826 1221 982 1289 adhibens
1014 1221 1216 1300 ἀνδρόλημον
1248 1241 1305 1305 pro
1333 1218 1552 1302 ἀνδρόβουλον
1572 1218 1815 1304 commendavit,
1842 1242 1871 1288 v.
1894 1224 1935 1288 25
1956 1223 2126 1294 interiecti·

313 1346 390 1392 ones
413 1325 464 1390 ἰοῦ
487 1325 536 1390 ἰοῦ
559 1334 633 1391 ante
654 1349 683 1391 v.
708 1328 747 1390 22
780 1323 914 1391 inseruit
946 1331 978 1388 et
1010 1322 1094 1404 quod
1126 1323 1264 1387 maxime
1297 1322 1424 1405 mirera
1453 1323 1548 1388 etiam
1576 1319 1616 1386 de
1638 1320 1816 1388 ultimorum
1838 1323 1959 1407 prologi
1981 1319 2125 1392 versuum

315 1428 467 1511 (ae-39)
499 1426 744 1511 transpositione
777 1425 926 1510 cogitarit
958 1444 1076 1507 eosque
1109 1431 1183 1488 ante
1215 1445 1242 1490 ν.
1277 1425 1319 1491 20
1351 1423 1552 1492 collocandos
1584 1443 1655 1490 esee
1688 1423 1751 1490 sibi
1774 1423 1868 1491 credo
1891 1424 1951 1492 soli
1972 1429 2128 1510 persuasit

313 1549 449 1594 --uam
471 1528 544 1595 aliia
566 1549 677 1595 vercor
699 1539 734 1595 ut
755 1547 902 1612 umquam
925 1545 1132 1612 persuasurus
1154 1525 1202 1593 sit.
1226 1563 1267 1574 —

1040 1906 1276 2000 caput
1301 1905 1400 1982 Π.

367 2061 892 2162 Adnotationes
933 2063 1222 2162 criticae
1260 2061 1348 2158 de
1386 2063 1562 2160 locis
1601 2062 2072 2162 emendandis.

464 2231 634 2312 Postquam
657 2232 774 2316 primo
797 2234 900 2318 capite
922 2232 1025 2298 varius
1040 2232 1217 2299 criticorum
1234 2237 1364 2296 conatus
1379 2230 1555 2315 praemisso
1570 2233 1699 2315 vulgato
1713 2232 1835 2316 prologi
1850 2240 1939 2300 textu
1953 2237 2129 2318 percensui,

311 2352 396 2398 nunc
417 2332 582 2399 secundo
606 2333 708 2418 capite
730 2335 835 2402 missis
858 2334 1004 2401 omnibus
1025 2333 1213 2417 ambagibus
1235 2331 1314 2414 quid
1334 2331 1405 2416 ipse
1427 2330 1468 2397 de
1493 2332 1700 2399 emendandis
1728 2335 1862 2419 singulis
1881 2335 1959 2402 locis
1983 2337 2127 2421 rentiam,

313 2436 450 2502 breviter
472 2434 647 2519 explicabo.

466 2555 495 2601 ν.
521 2539 537 2602 1
583 2539 611 2602 7.
634 2536 745 2602 horum
766 2557 913 2603 versuum
946 2536 1074 2603 ultimus
1106 2541 1157 2622 tut
1190 2534 1264 2598 hinc
1296 2533 1415 2619 ordiar)
1449 2534 1586 2601 dubitari
1619 2535 1728 2619 nequit
1749 2537 1824 2620 quin
1846 2537 1887 2603 sit
1908 2538 2125 2624 interpolatus.

313 2635 347 2700 in
370 2645 531 2720 quoquot
553 2646 585 2703 et
607 2659 700 2722 qnam
724 2638 835 2724 gravia
856 2639 973 2703 menda
994 2638 1103 2722 insint,
1126 2647 1273 2704 adcurate
1295 2637 1472 2722 expositum
1494 2638 1535 2702 ab
1557 2637 1692 2721 Engero.
1737 2639 1791 2720 qui
1813 2639 1946 2724 primum
1968 2641 2075 2724 inepte
2096 2651 2129 2708 et

312 2757 461 2822 perverse
488 2739 613 2818 ἄςτρων
636 2748 667 2805 ct
692 2740 826 2820 ἀςτέρας
849 2741 901 2806 hic
922 2741 1048 2825 opponi,
1071 2746 1136 2806 tum
1157 2739 1262 2824 ipsum
1283 2738 1408 2819 φθίνειν
1430 2738 1470 2804 de
1490 2740 1592 2806 stellis
1614 2740 1887 2824 evanescentibus,
1910 2762 1974 2807 non
1989 2742 2133 2809 occiden-

313 2839 399 2906 tibus
422 2840 485 2906 dici
507 2862 614 2925 posse,
637 2841 776 2926 denique
798 2841 963 2907 articulum
986 2845 1051 2906 τῶν
1073 2842 1105 2906 τί
1129 2841 1377 2906 demonstrativa
1403 2841 1448 2906 ita
1475 2840 1660 2906 collocatum
1683 2841 1848 2908 offensioni
1870 2859 1943 2908 esse
1966 2843 2130 2910 verissime

311 2941 566 3024 iudicavit.****)
589 2943 677 3024 atqui
699 2944 795 3010 etiam
818 2942 881 3009 duo
905 2941 959 3024 qui
980 2943 1176 3026 praecedunt
1197 2961 1306 3007 versus
1329 2943 1358 3008 5.
1381 2944 1400 3009 6
1423 2942 1498 3006 item
1519 2941 1564 3006 ad
1584 2943 1787 3028 astrologiam
1810 2951 1991 3028 spectantes
2012 2945 2131 3012 dudum

312 3044 453 3128 suspecti
475 3043 551 3107 mihi
573 3041 729 3112 videntur.
772 3065 811 3110 ao
841 3044 1042 3129 potissimum
1075 3051 1181 3110 movet
1206 3043 1419 3128 suspicionem
1444 3063 1475 3110 v.
1497 3046 1518 3110 6
1540 3046 1705 3124 λαμπροὺς
1732 3044 1887 3110 όυνόςτας
1902 3045 2130 3125 ’ἐμπρέποντας

312 3145 414 3223 αἰθέρι
446 3153 575 3232 propter
608 3146 736 3211 nimium
769 3145 919 3212 orationis
952 3153 1096 3211 ornatum
1128 3152 1161 3210 et
1192 3144 1297 3211 lucum
1328 3167 1348 3211 a
1379 3145 1613 3230 simplicissima
1645 3147 1840 3213 excubitoris
1871 3146 1979 3213 indole
2001 3155 2132 3231 totoque

312 3247 434 3332 prologi
458 3248 562 3312 colore
585 3267 713 3331 prorsus
735 3249 883 3314 alienum.
928 3255 1066 3314 ceterum
1098 3247 1181 3312 hunc
1213 3265 1338 3313 versum
1370 3247 1529 3332 Aeschylo
1562 3247 1648 3314 haud
1679 3247 1844 3334 indignum
1865 3269 1886 3313 a
1907 3248 2000 3314 docto
2023 3251 2132 3316 nescio

312 3368 374 3434 qno
396 3349 621 3433 interpolatore
642 3349 778 3416 fortasse
801 3370 842 3415 ex
863 3349 927 3414 alia
959 3348 1126 3433 deperdita
1156 3349 1265 3414 fabula
1296 3356 1454 3432 sumptum
1488 3361 1519 3415 ct
1551 3349 1603 3416 bic
1635 3349 1830 3435 adscriptum
1851 3360 1964 3435 postea
1986 3359 2021 3417 ut
2041 3351 2076 3417 tit
2097 3353 2133 3418 in

312 3458 432 3518 textum
454 3449 621 3533 irrepsisse
643 3449 747 3517 facilis
768 3471 827 3517 nec
849 3452 950 3517 labar
972 3450 1153 3518 coniectura
1175 3457 1232 3516 cst.
1276 3449 1406 3516 resectis
1431 3449 1529 3534 igitur
1555 3451 1654 3519 tribus
1675 3451 1822 3519 versibus
1843 3459 1964 3518 restant
1985 3461 2134 3536 quattuor

311 3551 452 3638 genuini,
475 3551 528 3634 qni
552 3559 658 3615 tamen
680 3559 712 3616 et
735 3553 945 3638 explicatione
977 3558 1073 3634 egent
1103 3572 1164 3618 nec
1195 3549 1237 3617 ab
1268 3551 1352 3617 omni
1374 3551 1447 3618 labe
1468 3551 1561 3619 liberi
1584 3561 1666 3620 snut.
1709 3553 1846 3638 primum
1866 3573 1897 3618 r.
1920 3557 1940 3620 2
1962 3556 2132 3640 genetivus

311 3657 458 3736 φρουρᾶς
481 3653 581 3716 ἐτείας
604 3672 644 3716 ex
665 3673 743 3718 voce
765 3653 875 3718 πόνων
896 3651 1015 3738 pendet
1036 3659 1071 3719 ut
1092 3674 1120 3719 r.
1145 3656 1228 3722 1174
1249 3653 1342 3720 huius
1363 3653 1491 3719 fabulae
1513 3653 1742 3734 ὀρθομαντείας
1768 3657 1878 3722 πόνος.
1901 3661 2001 3737 μῆιιος
2023 3666 2132 3722 autem

311 3764 431 3822 tantum
460 3755 552 3819 abest
585 3760 618 3817 ut
649 3753 799 3838 langueat
831 3757 1026 3841 otiosumque
1059 3755 1111 3838 sit,
1144 3761 1180 3821 ut
1212 3754 1432 3840 explicationis
1465 3775 1564 3820 causa
1595 3757 1774 3824 necessario
1807 3755 1953 3823 additum
1984 3757 2133 3824 rideatur

311 3858 467 3924 adiectivc
501 3855 603 3920 ἐτείας
640 3855 725 3937 quod
757 3855 914 3941 duplicem
946 3855 1209 3941 significationem
1241 3854 1338 3920 habet
1370 3856 1604 3942 respondetque
1639 3865 1746 3924 nostro
1773 3856 1883 3942 jbhrig
1918 3867 1951 3925 et
1980 3859 2132 3944 jahrlich.

312 3995 513 4007 nn*—

393 4085 395 4088 '
470 4078 496 4145 *)
514 4075 654 4134 Studien
671 4094 710 4133 au
728 4076 921 4148 Aeschylus.
958 4079 1029 4137 Vou
1047 4079 1082 4135 N.
1101 4075 1283 4134 Wecklein.
1319 4077 1413 4134 Berlin
1431 4079 1500 4136 1872
1517 4095 1543 4149 p.
1562 4083 1597 4138 20
1615 4098 1655 4152 sq.

452 4166 496 4232 **)
515 4167 586 4222 Vide
604 4167 715 4222 annales
732 4166 823 4236 philol.
842 4165 1008 4223 Fleckeiseni
1026 4167 1079 4221 rol.
1097 4165 1176 4221 XOV
1194 4182 1220 4235 p.
1239 4169 1300 4222 427.
1337 4166 1431 4222 similis
1458 4166 1561 4224 farinae
1588 4177 1651 4226 suut
1669 4169 1752 4226 etium
1769 4167 1890 4237 reliquae
1907 4169 2078 4224 coniecturae
2097 4171 2134 4226 ad

310 4254 450 4323 prologum
467 4260 621 4322 spectantes
640 4270 706 4322 quas
723 4255 794 4311 idem
812 4255 953 4324 llaeblyua
971 4254 1009 4310 ibi
1026 4254 1167 4323 proposuit
1184 4253 1269 4310 veluti
1286 4270 1313 4310 v.
1332 4257 1348 4310 7
1371 4253 1391 4316 ι’
1416 4255 1498 4337 ἀθρῶ
1526 4272 1574 4325 pro
1601 4283 1629 4319 ι.
1648 4263 1706 4330 τῶν,
1727 4274 1754 4314 ν.
1773 4260 1807 4312 12
1829 4261 1918 4334 κοίτην
1944 4272 1992 4326 pro
2018 4251 2065 4319 εἶπ’
2091 4254 2134 4324 ἄν,

310 4346 389 4398 ν.15
413 4341 573 4412 νίς-Η
598 4358 646 4411 pro
672 4340 869 4419 erl-bne.

434 4427 496 4493 ¹²⁸⁸)
514 4369 770 4486 Ehendationes
788 4427 1002 4496 Aeschyleae.
1038 4426 1146 4498 scripsit
1159 4427 1196 4482 Η.
1210 4443 1274 4482 vau
1286 4425 1496 4484 Herwardeu.
1519 4427 1707 4484 commentatio
1728 4445 1762 4486 ex
1784 4429 1977 4500 supplementis
1995 4427 2133 4484 ιιιυιιιίίιιιιι

310 4517 530 4590 philologioorum
548 4534 666 4574 seorsum
684 4532 819 4587 expressa
854 4514 965 4584 Idpsiae
984 4519 1053 4573 1878
1072 4533 1098 4587 ρ.
1117 4518 1177 4572 132.

416 4603 491 4672 ****)
510 4603 581 4660 Vide
599 4606 680 4662 etiam
697 4605 819 4660 Paleium
838 4603 871 4659 de
889 4603 1095 4672 interpolatione
1113 4603 1192 4660 buius
1209 4617 1303 4658 versus
1321 4602 1361 4658 alc
1383 4603 1557 4673 probabiliter
1579 4605 1761 4673 disputantem
1786 4621 1813 4674 p.
1840 4608 1894 4662 232
1919 4605 1949 4662 in
1976 4604 2049 4660 adm:
2075 4603 2134 4658 this

309 4713 387 4754 verse
405 4697 453 4752 bas
470 4695 538 4751 with
556 4711 651 4750 reason
668 4693 736 4749 been
753 4689 895 4762 suspected
907 4707 938 4747 aa
951 4691 1081 4761 spurious,
1094 4692 1167 4748 since
1179 4689 1327 4769 deciperis
1346 4691 1452 4761 equally
1461 4693 1596 4749 awkward
1613 4695 1683 4750 aber
1696 4689 1800 4770 όπιριιν
1810 4691 1850 4761 (4)
1862 4693 1984 4750 whether
1994 4693 2132 4762 regarded

309 4803 339 4840 as
358 4801 375 4840 a
392 4799 520 4853 synonym
538 4799 569 4838 or
585 4781 652 4836 with
670 4797 705 4836 au
721 4780 848 4837 intended
867 4779 1016 4835 difference.
1053 4778 1153 4846 (Sobel.
1180 4793 1215 4832 cn
1241 4776 1275 4834 Il.
1302 4794 1329 4835 ν.
1352 4783 1378 4848 ό,
1396 4778 1480 4861 ἀστήρ
1494 4788 1563 4843 loro
1581 4784 1613 4844 ‘ir
1637 4773 1837 4859 πόμα-ἄστρον
1862 4783 1898 4851 δι’,
1923 4778 1954 4839 τό
1980 4787 2008 4840 la
2028 4783 2132 4842 πολλῶν

309 4871 424 4950 ἆσιόρων
445 4869 628 4949 συγκείμενα.)
664 4868 693 4924 It
710 4883 766 4924 was
783 4868 912 4937 probably
930 4867 1017 4924 added
1034 4867 1071 4934 by
1088 4883 1161 4924 some
1178 4883 1230 4924 one
1248 4869 1308 4924 urbo
1326 4868 1443 4938 thought
1459 4867 1594 4947 λαμπροὺς
1614 4866 1745 4938 δυνάστας
1762 4867 1824 4935 (suu
1842 4867 1895 4922 and
1906 4865 1997 4932 moon)
2010 4871 2055 4922 too
2067 4865 2134 4920 bold

310 4975 327 5014 a
343 4958 441 5028 phrase
457 4957 500 5012 lor
517 4956 564 5012 tbe
581 4955 713 5024 hearanly
729 4955 830 5026 bodies,
855 4957 903 5013 the
930 4955 1008 5026 King
1034 4955 1088 5010 aud
1106 4955 1200 5027 Quaen
1217 4955 1247 5012 οί
1263 4957 1310 5014 the
1328 4957 1386 5026 sky.
1422 4954 1492 5012 Itis
1510 4971 1545 5010 an
1562 4954 1710 5025 important
1727 4955 1864 5024 evidence,
1881 4955 1910 5010 in
1926 4953 2065 5024 weigbiug
2083 4953 2133 5008 the

309 5045 431 5115 question
449 5045 480 5100 ol
495 5043 683 5113 authenticity‚
700 5044 763 5099 that
779 5044 826 5099 the
843 5050 909 5113 poet
925 5044 989 5101 does
1006 5051 1054 5100 not
1073 5059 1174 5116 appear
1191 5049 1219 5099 to
1238 5045 1308 5102 have
1326 5043 1457 5101 admitted
1479 5061 1497 5100 s
1522 5043 1613 5112 dactyl
1638 5043 1668 5098 in
1694 5043 1741 5099 tha
1766 5043 1826 5100 first
1852 5044 1912 5100 loct
1929 5044 1959 5100 of
1975 5061 1992 5099 a
2009 5041 2135 5098 muamus

309 5140 405 5202 except
422 5133 451 5188 in
468 5134 515 5188 the
533 5148 594 5188 case
612 5133 642 5188 ol
657 5150 674 5188 a
691 5147 788 5201 proper
805 5147 892 5190 name
928 5133 980 5190 See
997 5149 1033 5189 un
1051 5131 1115 5188 Cho.
1134 5133 1196 5188 208.
1231 5132 1376 5202 Horreum,
1393 5132 1441 5188 tbc
1457 5133 1528 5188 later
1546 5131 1646 5188 editors
1663 5129 1753 5186 retain
1770 5131 1816 5187 the
1828 5145 1913 5200 rarae,
1926 5132 1979 5188 and
1990 5131 2136 5189 Hermann

308 5222 417 5278 readers
438 5220 548 5291 όντοίός
571 5243 598 5280 τι
618 5227 668 5282 τόν
690 5227 722 5278 et
739 5220 878 5278 aliorum
896 5228 995 5278 ortus.
1031 5221 1084 5278 See
1101 5237 1136 5278 on
1153 5221 1243 5278 Prusa
1261 5220 1322 5288 212,
1339 5220 1393 5276 aud
1411 5233 1534 5288 compare
1551 5217 1615 5274 ibid
1632 5219 1748 5274 462-8.
