4576 5834
930 329 1054 422 ,wll

103 537 241 602 oriente
271 535 319 600 hic
351 530 529 616 comparari
564 530 758 595 existimaus.
803 531 913 611 qurrlcs
945 529 1111 592 verborum
1145 527 1239 594 flores
1267 546 1298 592 et
1319 528 1452 594 artilicia
1473 531 1515 594 ab
1537 529 1597 594 hoc
1619 531 1763 612 populari
1787 541 1819 596 et
1841 535 1943 615 quoti·

110 638 216 704 diano
238 635 377 704 custodis
399 653 547 699 sermone
570 651 698 715 prorsus
731 631 839 696 aliena
871 651 942 694 esse
976 629 1147 696 identidem
1182 631 1244 694 iam
1275 630 1461 697 monuimus.
1506 639 1577 696 sunt
1599 631 1734 716 denique
1756 634 1809 716 qui
1831 636 1944 712 δόμοι(

112 739 202 805 idem
226 759 296 806 esec
319 735 512 801 arbitrentur
545 745 640 816 atque
673 733 708 797 ἐν
740 734 850 812 δόμοι(
885 754 943 797 nec
976 734 1114 798 sentiant
1147 753 1241 815 qrram
1263 733 1414 816 larrguide
1438 734 1501 797 tale
1526 732 1601 814 quid
1623 734 1772 800 hocloco
1796 737 1941 804 addatur.

113 842 262 924 equidem
296 836 492 904 tritissimum
527 836 715 901 vocslrulum
749 835 859 913 bonore
892 834 1020 900 lihrario
1054 834 1188 901 fortasse
1222 835 1264 900 ad
1301 835 1410 913 δόμων
1438 835 1718 900 ν.2όνυ1πι]ν.
1745 839 1825 903 1078
1848 840 1945 906 huius

110 942 247 1007 subulae
269 941 368 1006 ποίαν
385 938 512 1016 Ἐρινὺν
533 940 627 1015 τήνδε
649 937 815 1016 δώμαειν
848 937 929 1001 κέλει
973 937 1217 1014 ἐπορθιάζειν
1244 934 1425 1019 respicienti
1454 934 1564 1001 deberi
1596 937 1718 1022 conicio
1750 941 1942 1022 scripserim-

110 1063 180 1126 quc
204 1043 303 1126 νόμῳ.
346 1059 427 1123 quae
450 1040 630 1104 coniectura
652 1051 683 1104 et
706 1039 823 1124 insigni
854 1040 934 1105 aulius
967 1039 1095 1103 fabulae
1129 1040 1197 1104 loco
1220 1039 1308 1122 Sept.
1332 1037 1404 1103 adv.
1429 1039 1529 1102 Theb.
1555 1041 1942 1122 vastissimorum

110 1144 211 1220 λερὸν
233 1143 343 1222 εὐμενῆ
376 1141 541 1206 παιόνιεον
584 1140 768 1220 Ἑλληνικόν
800 1145 961 1220 νόμιεμα
995 1140 1149 1204 θυετάδοε
1184 1145 1261 1220 βοή(
1295 1149 1327 1204 ct
1359 1140 1452 1205 huius
1485 1140 1583 1224 ipsius
1606 1139 1732 1207 urnulas
1755 1163 1784 1208 ν.
1808 1145 1869 1208 572
1892 1143 1942 1206 καλ

116 1245 285 1328 γυναικείῳ
306 1247 409 1330 νόμῳ
433 1245 640 1310 confirmatur.
685 1264 842 1328 apponam
867 1244 1022 1328 insignem
1045 1243 1147 1308 locrrrn
1169 1241 1256 1306 illum
1279 1241 1463 1326 (inliti-bul
1486 1242 1536 1309 ed.
1568 1241 1695 1326 Kechii)
1721 1265 1782 1327 quo
1816 1244 1942 1328 Clytae-

117 1355 256 1410 mnestra
277 1347 320 1412 sd
343 1367 519 1412 sennonem
543 1345 732 1410 excubitoris
755 1356 900 1411 accurate
918 1345 1047 1428 respicit
1071 1356 1103 1408 ut
1126 1365 1163 1408 co
1187 1351 1347 1424 taruquam
1371 1344 1594 1410 commentario
1617 1345 1796 1411 universum
1819 1347 1944 1431 prologi

116 1457 337 1527 argumentum
359 1459 542 1530 textumque
565 1448 667 1531 ipsum
692 1448 772 1511 hene
796 1448 942 1512 illustrari
967 1446 1051 1510 haud
1073 1445 1244 1510 diffiteare:

204 1613 404 1684 Ἀνωλόλυξα
426 1619 483 1696 μὲν
505 1617 600 1680 πάλαι
623 1621 722 1697 χαρᾶς
745 1615 816 1690 ὕπο,
1028 1615 1032 1717 l
1086 1615 1173 1694 ὅμωε
1196 1615 1220 1678 δ’
1247 1616 1351 1687 ἔθυον,
1374 1616 1424 1678 καὶ
1446 1618 1611 1700 γυναικείῳ
1631 1619 1719 1701 νόμῳ

204 1717 249 1781 ὅτ’
271 1717 341 1796 ἦλθ’
362 1720 381 1783 δ
403 1723 531 1797 πρῶτοι
553 1721 660 1798 νόχιο(
684 1717 816 1794 ἄγγελοτ
838 1721 950 1797 πυρόε,
1028 1734 1031 1793 t
1087 1717 1264 1795 ὀλολυγμόε
1287 1715 1383 1781 ἄλλο(
1405 1717 1541 1782 ἄλλοθεν
1563 1720 1642 1783 κατὰ
1663 1721 1774 1784 πτόλιν

204 1819 338 1898 φράζων
360 1819 477 1885 ἅλωειν
499 1819 588 1884 Ἰλίου
611 1817 638 1883 τ’
659 1819 833 1886 ἀνάετατιν.
1028 1805 1031 1865 l
1087 1819 1220 1884 ἔλαεκον
1242 1820 1462 1898 εὐφημοῦντεε
1486 1821 1521 1884 ἐν
1543 1824 1626 1884 θεῶν
1649 1821 1763 1900 ἐδραιε,

203 1921 254 1984 καί
275 1923 323 1986 τί(
348 1919 376 2002 μ’
399 1924 534 1988 ἐνίπτων
557 1921 635 1995 εἷπε,
659 1929 879 2002 ,φρυκτωρῶν
901 1927 952 1992 δία
1088 1921 1257 2000 θυηφάγον
1279 1925 1450 1998 κοιμῶντεε
1474 1923 1579 2002 εὐώδη
1603 1925 1718 2003 φλόγα.

202 2026 363 2088 πειεθεῑεα
384 2024 502 2103 Τροίαν
524 2029 581 2090 νῦν
603 2031 821 2104 πεπορθήεθαι
844 2032 962 2104 δοκεῑε;
1026 2015 1031 2118 l
1085 2024 1135 2086 Καὶ
1155 2025 1213 2086 νῦν
1235 2023 1274 2085 τὰ
1296 2023 1402 2099 putem
1426 2027 1482 2102 μὲν
1504 2026 1532 2088 τί
1555 2028 1604 2088 δεῖ
1626 2024 1649 2089 c'
1674 2025 1743 2103 ἐμοὶ
1765 2027 1880 2104 λέγειν;

203 2123 224 2200 ή
247 2124 345 2202 κάρτα
367 2127 448 2205 πρὸ(
472 2129 620 2202 ιυναικόε
643 2127 783 2204 αίρετθαι
806 2129 910 2206 κέαρ.”
1026 2129 1030 2165 ¹
1084 2122 1219 2188 ἄνακτα(
1243 2126 1344 2188 αὐτοῦ
1364 2127 1467 2190 πάντα
1489 2129 1642 2205 πειίεομαι
1665 2128 1770 2203 λόγον.

206 2227 312 2302 λόγοι(
334 2228 491 2292 τοιούτοιε
513 2229 672 2304 πλαγκτόε
696 2226 762 2292 αὖτ’
785 2229 970 2310 ἐφαινόμην.
1025 2178 1029 2316 l

120 2363 162 2428 ab
184 2362 335 2428 hocloco
367 2365 473 2428 nescio
507 2385 547 2428 au
580 2363 677 2428 ctiam
712 2365 793 2430 alius
815 2367 936 2450 prologri
960 2394 1069 2440 uersus
1093 2377 1195 2442 lucem
1218 2379 1355 2462 accipiat
1378 2380 1500 2446 scilicet
1522 2405 1549 2447 r.
1574 2369 1614 2446 32
1637 2385 1676 2446 τὰ
1698 2387 1861 2449 δεεποτῶν
1883 2387 1945 2464 γὰρ

121 2463 157 2528 εὖ
179 2465 319 2528 πετόντα
341 2465 480 2544 θήεομαι,
505 2466 560 2530 uhi
582 2487 638 2550 pro
662 2467 795 2544 θήεομαι
817 2488 882 2534 una
903 2471 1042 2540 litterula
1075 2489 1196 2544 mutata
1224 2481 1424 2546 scribendum
1448 2503 1519 2548 csse
1543 2485 1662 2548 conicio
1685 2485 1826 2562 θόιομαι,
1850 2487 1944 2570 plane

122 2580 155 2630 ut
179 2573 228 2630 est
250 2585 287 2630 co
310 2585 402 2647 quem
426 2588 522 2650 snpra
544 2566 634 2633 attuli
658 2588 751 2632 versu
773 2571 835 2634 572
859 2569 945 2646 ὅμως
969 2573 997 2638 δ’
1019 2577 1123 2644 ἐθυον.
1169 2582 1332 2648 excubitor·
1364 2605 1438 2650 vero
1472 2585 1521 2650 bis
1549 2607 1624 2650 usus
1648 2599 1695 2649 cst
1718 2587 1823 2651 media
1846 2588 1947 2653 forma

105 2689 146 2730 .ν.
171 2671 222 2734 31.
246 2667 288 2732 32
317 2669 507 2746 χορεύεομοι
522 2705 565 2717 -
587 2671 719 2747 θύωμαι
743 2689 805 2750 qno
826 2671 1003 2753 significare
1027 2681 1092 2745 νιι11
1115 2703 1149 2747 se
1172 2683 1277 2768 ipsum
1301 2695 1331 2748 et
1355 2685 1500 2751 saltando
1523 2697 1554 2750 ot
1569 2688 1775 2756 sacrificando
1794 2689 1943 2772 puhlicac

116 2769 276 2834 orationis
298 2768 421 2834 initium
444 2769 600 2834 facturum
624 2791 703 2836 esse.
749 2771 852 2837 simile
875 2774 993 2842 lihrarri
1016 2783 1164 2848 urerrdum
1191 2785 1328 2851 l'olicitcr
1350 2788 1475 2854 sustulit
1497 2788 1630 2854 Weilius
1646 2789 1733 2873 Sept.
1751 2791 1822 2856 ιιιίν.
1839 2791 1939 2856 Theb.

118 2891 149 2932 ν.
172 2873 247 2950 260,
269 2870 319 2934 uhi
342 2891 398 2954 pro
421 2871 567 2937 librorum
591 2873 745 2956 scriptura
768 2876 875 2952 θήτειν
896 2884 1037 2963 reposuit
1060 2885 1188 2950 θύεειν
1210 2909 1252 2953 sc.
1276 2893 1414 2967 τροπαῖα
1436 2891 1457 2954 i.
1481 2911 1507 2955 e.
1533 2891 1664 2956 ἐπινίκια
1686 2893 1755 2958 sive
1769 2894 1940 2971 νικητήρια,

122 2970 164 3036 de
188 2991 250 3053 qno
272 2970 337 3036 loco
359 2973 539 3038 accuratius
563 2974 795 3059 disputavimus
817 2979 835 3042 l.
861 2999 887 3044 c.
910 3001 940 3064 p.
965 2985 1013 3047 21.
1038 2985 1124 3051 θύειν
1157 2999 1260 3054 autem
1295 3011 1364 3056 cum
1400 2992 1581 3058 accusativo
1615 2994 1703 3078 iungi
1734 2994 1832 3060 veluti
1855 2995 1940 3078 apud

118 3073 360 3156 Xenophontem
385 3076 573 3154 διαβατήρια
592 3078 610 3143 i.
635 3098 662 3143 e.
685 3079 756 3159 ἱερά
778 3082 976 3148 notissimum
999 3096 1054 3151 est.
1101 3090 1299 3157 coniecturae
1333 3113 1407 3159 uero
1441 3094 1590 3159 Karsteni
1624 3097 1740 3180 nugas
1763 3095 1941 3178 Keckiiqnc

115 3173 296 3254 ἀθρήεομαι
309 3211 353 3222 -
368 3175 541 3254 ἡεθήεομαι
555 3215 599 3226 -
613 3180 798 3260 αἰεθήεομαι
813 3184 863 3247 ναί
880 3195 1049 3269 propterca
1064 3211 1192 3272 prorsus
1209 3193 1390 3260 reiciendac
1406 3203 1478 3261 sunt
1500 3195 1585 3277 qnod
1608 3197 1735 3262 futuru
1742 3219 1772 3261 m
1794 3205 1942 3282 tempus

115 3276 249 3343 horum
271 3278 469 3342 verborum
491 3301 689 3363 nequaquam
714 3285 862 3349 convenit
885 3289 915 3350 in
939 3291 1155 3357 excubitorem
1188 3293 1309 3359 laetitia
1338 3297 1557 3380 praesentis
1580 3297 1774 3364 dominorum
1797 3299 1941 3364 fortunae

117 3377 327 3442 cummaxime
351 3393 538 3464 correptum.
583 3383 672 3449 rides
706 3385 866 3451 custodem
900 3392 1133 3468 φιλοδέεποτον
1168 3407 1365 3463 coniecturae
1394 3409 1520 3464 nostrae
1543 3401 1675 3478 θόεομαι
1699 3401 1853 3466 beneficio
1875 3400 1941 3465 ficri

117 3477 276 3544 bominem
300 3487 425 3561 gratum
447 3482 531 3565 pium
555 3490 587 3547 et
610 3484 775 3550 honestum
809 3488 861 3571 qui
896 3493 1121 3560 aurahilissimc
1154 3499 1205 3562 vol
1240 3499 1279 3564 dc
1313 3521 1369 3566 suo
1402 3501 1580 3566 sacrificare
1613 3503 1691 3566 velit
1713 3503 1754 3567 oh
1783 3502 1941 3567 fortunam

112 3579 314 3646 dominorum
337 3601 473 3665 suorum,
497 3593 603 3650 contra
638 3586 899 3657 Schneidewinns
933 3594 1049 3678 aliique
1083 3597 1271 3684 interpretes
1303 3601 1543 3686 pinguissimam
1578 3605 1766 3670 scholiastae
1789 3605 1942 3688 interpre-

111 3681 432 3762 1α1ίοπααιθήεομαι·
455 3685 653 3765 οἰκειώεομαι
677 3691 848 3773 probantes
872 3703 902 3758 et
925 3717 1034 3761 vocem
1058 3697 1093 3763 εὖ
1116 3702 1213 3767 verbo
1237 3705 1369 3782 θήεομαι
1392 3723 1559 3789 perperam
1582 3705 1738 3772 addentes
1761 3706 1812 3772 uel
1835 3707 1941 3791 potins

111 3793 221 3848 mente
245 3784 431 3868 supplentes
454 3787 609 3854 hominem
642 3791 704 3856 sibi
737 3792 893 3859 linxerunt
923 3798 1085 3864 sordidum
1109 3810 1140 3866 et
1161 3823 1218 3867 suo
1242 3813 1362 3868 tantum
1385 3806 1550 3872 commodo
1572 3829 1610 3873 ac
1631 3808 1717 3874 lucro
1741 3809 1940 3875 servientem.

270 3905 299 3952 v.
322 3887 456 3954 36-39.
502 3891 596 3955 etiam
619 3891 651 3956 in
675 3893 724 3958 his
747 3893 865 3962 ultimis
888 3900 1009 3983 prologi
1042 3903 1186 3968 versibus
1219 3905 1340 3986 aliquid
1367 3905 1562 3976 difficultatis
1585 3919 1616 3975 et
1638 3911 1721 3976 latiis
1743 3910 1849 3976 inesse
1872 3930 1941 3993 per-

117 3986 339 4054 suasissimum
360 3989 438 4054 mibi
463 4001 519 4056 est.
564 3993 740 4074 quodcum
764 3997 846 4080 dico,
881 4001 964 4066 haud
999 4023 1076 4067 saue
1111 4004 1215 4088 cogito
1243 4004 1283 4070 de
1306 4007 1513 4090 ambiguitate
1537 4020 1568 4076 et
1590 4011 1782 4078 obscuritate
1804 4010 1942 4093 quadam

118 4089 327 4202 proverbialis
350 4088 426 4155 dicti
449 4113 476 4160 v.
501 4095 542 4160 36
566 4098 641 4173 βοῦε
665 4096 716 4160 ἐπὶ
738 4099 861 4182 γλώττῃ
895 4103 992 4178 μέγα(
1027 4105 1158 4183 βέβηκεν
1192 4106 1277 4188 quod
1310 4109 1359 4174 vel
1390 4109 1430 4176 de
1454 4113 1607 4196 corruptis
1631 4135 1779 4180 nummo
1803 4112 1853 4178 cui
1875 4113 1944 4178 bos

113 4209 240 4273 siguum
262 4192 349 4276 apud
370 4205 495 4260 veteres
517 4195 728 4264 Athenienses
751 4201 889 4286 tutarier)
907 4204 957 4266 rol
973 4203 1013 4269 de
1029 4207 1206 4274 cotrstrictis
1229 4210 1317 4276 boia
1340 4211 1409 4276 sive
1433 4232 1537 4279 cremo
1560 4215 1613 4297 qm
1638 4214 1860 4282 damnatorum
1884 4212 1944 4278 ori

112 4395 317 4407 -——-—-

207 4637 214 4652 Ι
276 4553 303 4618 *λ
321 4551 398 4606 Haec
416 4552 550 4620 proverbii
569 4555 711 4624 explicatio
730 4567 821 4615 exstet
848 4566 905 4616 tum
932 4566 1003 4634 opud
1030 4567 1204 4624 Plutarchum
1223 4569 1251 4625 in
1270 4569 1372 4627 uucsao
1392 4590 1414 4627 c.
1433 4578 1467 4629 25
1490 4576 1566 4650 ἔκαμε
1599 4577 1625 4634 δι’
1659 4577 1704 4634 καί
1733 4573 1846 4652 νόμισμα
1877 4579 1945 4652 βοῦν

115 4643 260 4714 tyri-pesae
280 4637 299 4714 ἢ
320 4636 363 4735 ‘ltfl
386 4637 431 4698 τίδ’
453 4640 642 4738 Μαραθιῶῑίον
663 4649 760 4723 πείρατ’
782 4645 798 4720 ἢ
821 4647 863 4706 dui
889 4650 931 4708 niu
964 4659 1043 4715 Μίνω
1076 4656 1225 4733 στρατηγὸν
1257 4658 1272 4728 i}
1304 4656 1371 4735 πρὸς
1401 4665 1531 4739 γεωργίαν
1562 4658 1623 4729 τοὺς
1656 4665 1764 4728 πολίτας
1786 4664 1945 4736 παρακαλῶν

115 4729 174 4776 tum
200 4725 269 4792 apud
296 4725 499 4793 lexicographos
518 4725 628 4782 Surdum
648 4739 676 4784 et
693 4731 858 4804 Hesychinm
878 4739 920 4796 διὰ
947 4739 977 4798 πὸ
1003 4745 1053 4797 τῶν
1071 4739 1221 4814 Ἀθηναίων
1242 4739 1356 4818 νόμισμα
1377 4748 1444 4816 βοῦν
1464 4749 1529 4819 ἔχειν
1550 4751 1773 4823 ἐγκεχαραγμένην
1788 4745 1943 4812 quibuscum

113 4813 307 4877 componendus
326 4812 422 4866 Pollux
440 4813 492 4880 IX,
511 4817 536 4881 li,
560 4817 595 4871 60
622 4817 652 4875 τὸ
675 4819 789 4878 παλαιὸν·
810 4827 886 4880 ταῦτα
910 4817 940 4898 ἦν
961 4824 1107 4896 Ἀθηναίων
1129 4824 1240 4902 νόμισμα
1255 4829 1299 4885 καί
1314 4833 1425 4888 ἐκαλεῖτο
1441 4835 1513 4906 βοῦς,
1529 4829 1567 4888 ihr
1581 4834 1648 4905 pour
1662 4827 1727 4902 εἶχεν
1737 4836 1944 4905 ἐντετυπωμένον.

112 4898 206 4953 eodem
224 4900 365 4968 proverbio
384 4901 426 4956 usi
444 4911 508 4956 snut
525 4903 607 4958 etiarn
635 4903 771 4972 Theognis
799 4911 851 4960 815
875 4912 940 4976 βοῦς
962 4934 1005 4980 μοι
1027 4913 1069 4968 ἐπὶ
1089 4909 1197 4988 γλώυσρ
1229 4915 1344 4988 κραιερρλ
1376 4917 1438 4973 ποδί
1470 4913 1519 4984 λὰξ
1551 4919 1691 4992 ἐπιβαίνων
1722 4919 1787 4986 iulo
1820 4920 1946 4978 κωτίλλειν

111 4989 204 5064 καίπερ
225 4986 395 5064 ἐπιστάμενον
417 4997 445 5044 et
463 4989 576 5045 Stratus
594 4993 665 5060 apud
684 4993 848 5059 Hesychimn
868 4997 913 5058 (ct.
934 4995 1049 5050 lleinch.
1070 4995 1142 5050 (lom.
1162 5001 1187 5062 2
1207 4997 1271 5062 790)
1288 5000 1354 5073 βοός
1368 5003 1492 5074 ἐπιβαίνει
1507 5006 1596 5080 μέγας,
1612 5000 1767 5068 quibuscum
1786 5016 1945 5070 componere

111 5073 195 5140 possis
215 5073 295 5128 ualde
314 5075 411 5132 similia
429 5079 502 5134 dicta
520 5079 604 5136 veluti
617 5079 758 5135 Merrsndri
770 5081 797 5134 in
810 5080 993 5137 Piscatoribus
1012 5083 1124 5148 (Athen.
1143 5083 1203 5138 XII
1221 5099 1248 5152 p.
1267 5085 1319 5139 sto
1339 5083 1377 5149 D')
1406 5086 1491 5160 παχὺς
1523 5085 1576 5165 γὰρ
1609 5081 1639 5154 dc
1671 5083 1739 5146 ἔκειτ’
1775 5091 1817 5148 ἐπί
1849 5089 1945 5166 στόμα,

107 5171 166 5218 turn
184 5163 327 5231 Sophoclis
346 5165 411 5221 Ocd.
431 5167 461 5222 (λ
482 5171 549 5223 1051
570 5161 605 5225 ὧν
626 5170 669 5226 καί
689 5175 789 5245 χρυσία
811 5169 871 5248 alpe
892 5175 933 5229 tul
954 5169 1063 5248 γλώσσᾳ
1083 5175 1201 5248 βέβακεν,
1225 5171 1339 5240 denique
1366 5169 1450 5240 ipsius
1479 5173 1607 5240 Aeschyli
1634 5173 1705 5239 larg.
1733 5175 1786 5228 378
1811 5170 1865 5234 ἀλλ’
1888 5177 1945 5236 ἐστί

103 5249 187 5328 κᾶμαὶ
209 5249 271 5330 alpe
293 5254 335 5310 ἐπί
355 5251 461 5331 γλώσσῃ
482 5253 573 5328 φύλαξ.

1771 5379 1788 5432 2
