4576 5834
1032 315 1054 382 7

128 516 298 600 multisque
314 514 403 581 vitiis
417 515 622 581 laborantem'
638 515 815 582 eiciendum
830 535 901 583 esse
920 516 1076 583 concessit
1091 536 1260 602 rursusque
1275 517 1377 583 eiecta
1390 517 1497 602 glossa
1516 515 1650 596 ἀττέματ
1666 516 1865 583 scribendum
1877 535 1950 582 esse

133 623 233 698 μῆνας
254 614 280 684 6
304 615 421 684 collato
442 615 610 684 Homerico
631 621 689 682 τοῦ
711 620 768 698 μὲν
800 617 972 699 φθίνοντοι
1006 618 1112 697 μηνὸς,
1144 616 1233 683 τοῦδ’
1266 618 1443 698 ἱεταμένοιο
1476 619 1537 684 sibi
1569 617 1738 703 persuasit,
1768 623 1835 684 turn
1856 638 1884 684 v.
1910 618 1949 684 12

132 721 340 800 νυκτίποχνον
359 754 405 768 -
425 718 510 797 ἔχων
530 737 587 803 pro
608 719 920 796 νυκτίπλαγκτον-
941 719 1005 799 ἔχω
1027 717 1267 802 commendavit,
1282 739 1313 784 ν.
1331 722 1371 786 14
1392 719 1463 798 ἐμοὶ
1483 717 1589 800 φόβοι
1610 719 1669 799 γάρ
1693 720 1824 806 (postea
1844 718 1949 800 φόβοι

131 824 191 902 γὰρ
212 822 282 889 αἰέν
304 819 411 887 deleto
433 821 513 900 ἐμήν
534 839 598 888 sac.
620 818 839 904 Wunderurn),
861 841 890 888 v.
916 821 954 887 19
977 821 1232 898 δεεποτουμένου
1251 820 1424 888 seeundum
1443 821 1606 887 Duehneri
1620 821 1815 904 aliorumque
1830 819 1950 886 culico-

131 945 198 992 mm
232 919 488 990 emendationem
520 941 578 1007 pro
600 920 750 988 librorum
782 921 940 1009 scriptura
976 923 1228 1000 διαπονουμένου
1261 922 1417 1009 probavit,
1449 945 1478 990 ν.
1502 924 1543 990 25
1569 922 1804 990 interiectioucs
1826 923 1876 987 ἰοῦ
1899 919 1949 986 ἰοῦ

130 1031 253 1093 munta
274 1023 377 1110 pu'ore
399 1023 558 1090 sententia
584 1031 670 1090 recte
701 1023 917 1090 Hermannnm
949 1030 1023 1089 ante
1044 1043 1076 1091 ν.
1098 1027 1139 1090 22
1161 1024 1329 1090 retraxisse
1350 1022 1452 1088 videri
1474 1023 1673 1106 existimavit,
1697 1023 1835 1108 deniqne
1856 1043 1886 1088 v.
1909 1025 1950 1089 32

131 1125 251 1194 Keclrii
273 1124 484 1191 coniecturam
507 1123 544 1190 εὖ
566 1121 692 1192 πειόντ’
713 1124 939 1204 υἰιθήοομαι
959 1123 1111 1193 laudavit.
1160 1127 1304 1210 Engerns
1325 1146 1355 1192 ν.
1379 1127 1397 1191 1
1420 1144 1478 1211 pro
1499 1125 1690 1210 interpolato
1712 1125 1833 1208 hahuit,
1855 1144 1886 1190 v.
1911 1125 1951 1191 14

132 1231 212 1310 ἐμήν
231 1224 341 1294 inutile
363 1233 396 1290 et
417 1224 522 1292 alieno
543 1226 613 1292 loco
635 1226 772 1312 positum
793 1225 868 1292 ferri
889 1227 944 1292 vix
965 1246 1061 1313 posse
1083 1224 1140 1292 sed
1162 1225 1393 1294 emendationis
1414 1227 1568 1292 rationem
1590 1228 1744 1294 incertam
1767 1247 1839 1294 esse
1860 1233 1951 1310 puta·

131 1333 176 1398 vit
207 1327 384 1410 eodemque
416 1346 512 1394 versu
545 1325 689 1394 codicum
721 1329 910 1414 scripturam
942 1325 1011 1394 ἀνθ’
1042 1328 1145 1394 ὕπνου
1177 1327 1381 1415 suspectavit,
1413 1349 1443 1395 v.
1478 1331 1518 1396 19
1554 1329 1817 1410 δειποτουμένου,
1850 1347 1882 1398 v.
1910 1330 1950 1396 26

130 1434 259 1514 σημανῶ
287 1434 410 1514 (contra
431 1427 465 1494 in
485 1447 583 1512 germ.
606 1428 682 1496 edit.
708 1429 862 1510 ιημαίνω)
884 1430 1019 1515 scripsit,
1042 1431 1179 1513 deniqne
1202 1430 1298 1496 etiam
1319 1451 1348 1497 v.
1372 1431 1413 1496 32
1434 1429 1468 1494 1ο
1490 1430 1702 1515 suspicionem
1717 1429 1843 1498 vocavit
1857 1449 1951 1514 quem

130 1555 195 1601 non
216 1530 320 1598 videri
341 1530 382 1595 ab
403 1531 563 1616 Aeschylo
594 1529 771 1616 proiectum
803 1551 874 1598 esse
908 1532 1078 1616 contendit,
1111 1540 1176 1598 tum
1209 1530 1347 1598 eundem
1379 1551 1507 1597 versum
1539 1532 1636 1596 etiarn
1658 1539 1836 1617 corruptum
1859 1539 1952 1597 etex

132 1635 168 1703 ειί
188 1631 316 1700 πεσόνθ’
340 1631 1044 1719 hrehcopa1*)lactumesseexistimavit.
1103 1632 1286 1700 Dindorlius
1318 1651 1411 1716 quem
1444 1633 1635 1700 scholiorum
1664 1632 1800 1700 editione
1823 1633 1952 1718 egregie

132 1737 173 1804 de
197 1733 355 1818 Aeschylo
377 1733 531 1799 meruisse
553 1739 685 1816 constat,
706 1753 737 1799 ν.
760 1736 780 1799 2
803 1737 902 1813 μῆχοτ
923 1735 1039 1815 scribit,
1063 1756 1093 1800 v.
1116 1739 1136 1802 7
1158 1756 1215 1821 pro
1247 1733 1436 1819 interpolato
1469 1735 1575 1818 habet,
1603 1755 1632 1801 ν.
1662 1736 1702 1801 14
1723 1754 1780 1818 pro
1802 1735 1951 1801 librorum

131 1837 288 1922 scriptura
309 1835 388 1915 ἐμήν
409 1833 489 1900 miro
511 1854 589 1901 sane
612 1834 758 1902 acumine
779 1836 864 1902 lblcr
885 1841 1018 1920 temptat
1041 1844 1073 1902 et
1094 1857 1124 1902 v.
1150 1840 1190 1905 26
1218 1839 1346 1915 cupariis
1370 1838 1578 1922 commendat,
1600 1857 1680 1921 quas
1704 1835 1831 1920 quidem
1845 1842 1951 1902 textns

130 1939 323 2007 mutationes
345 1956 447 2022 nuper
467 1935 501 2001 iu
522 1935 627 2002 lexico
648 1936 826 2022 Aeschyleo
849 1960 868 2000 a
889 1957 925 2002 se
949 1935 1033 2003 edito
1055 1940 1165 2022 (1876)
1187 1937 1324 2006 iteravit.

284 2039 396 2105 Restat
418 2037 556 2121 denique
578 2038 720 2104 recensio
753 2037 870 2104 chlrii
902 2037 954 2122 qni
989 2039 1107 2124 primus
1141 2049 1171 2106 et
1204 2041 1308 2124 legem
1340 2039 1429 2106 illam
1452 2039 1685 2127 compositionis
1708 2036 1953 2104 antitheticaea

132 2143 247 2209 Weilio
268 2142 426 2208 inventam
450 2139 524 2208 hnic
545 2139 678 2224 prologo
699 2139 844 2206 adhibuit
876 2140 958 2226 (ipse
991 2141 1137 2208 inventor
1164 2143 1304 2210 nondum
1337 2163 1407 2210 earn
1440 2152 1571 2209 noverat
1593 2163 1663 2208 cunr
1685 2145 1951 2228 Agamemnonem

131 2245 255 2327 ederet)
277 2249 454 2310 attextum
476 2240 689 2327 compluribus
722 2241 799 2308 locis
833 2249 899 2308 tum
933 2241 1081 2309 librorum
1113 2264 1188 2310 mss.
1221 2265 1282 2330 ope
1316 2253 1383 2312 tum
1416 2253 1529 2330 suapte
1562 2251 1593 2309 et
1620 2243 1752 2310 aliorum
1775 2239 1952 2307 criticorum

128 2347 318 2413 coniectura
336 2342 523 2410 immutavit.
568 2341 629 2408 loci
650 2363 725 2410 vero
746 2343 780 2409 hi
802 2351 890 2410 sunt:
911 2365 942 2412 v.
965 2347 985 2410 2
1011 2345 1122 2424 (τέγητ
1156 2365 1226 2412 cnm
1259 2345 1503 2413 Schneidewino
1536 2346 1673 2431 scripsit,
1700 2345 1734 2410 iu
1753 2340 1858 2409 medio
1881 2343 1952 2408 v.'l

134 2467 230 2531 quem
254 2444 425 2531 genuinum
448 2463 521 2510 esse
541 2443 676 2510 fidenter
698 2443 872 2529 contendit,
904 2445 1050 2512 lacunam
1082 2445 1253 2532 indagasse
1287 2447 1350 2514 sibi
1382 2449 1470 2515 visum
1502 2455 1551 2514 est
1573 2467 1708 2530 eamque
1730 2445 1777 2512 sic
1799 2441 1953 2528 explevit:

504 2577 508 2586 ·
538 2545 672 2625 caspar
696 2545 859 2631 [ἀπμῆταα
881 2547 947 2612 olus
970 2545 1149 2628 cupulvcuc'
1170 2547 1219 2614 ἀεὶ

539 2647 640 2727 μῆνάς
663 2645 705 2734 6]
728 2647 807 2713 ὅταν
828 2647 984 2727 φθίνωιιν
1005 2647 1141 2716 ἀντολάς
1164 2647 1192 2714 τ’
1212 2649 1295 2715 ἑτῶν

134 2751 280 2818 nimirum
313 2751 491 2835 speciosum
522 2749 687 2816 inventurn
719 2746 747 2814 τ’
775 2750 858 2815 ἑτῶν
890 2771 947 2836 pro
979 2751 1130 2817 librorum
1163 2752 1322 2837 scriptura
1353 2772 1387 2817 τε
1418 2755 1484 2818 τῶν
1513 2752 1707 2819 substituens
1730 2769 1768 2815 ac
1790 2753 1957 2834 practerea

133 2853 274 2932 πυριούτ
296 2872 354 2937 pro
376 2851 510 2931 ἀιτέροι
551 2858 736 2918 cunctanter
768 2851 945 2937 suspicans,
975 2873 1006 2919 v.
1036 2856 1075 2920 12
1097 2853 1216 2932 ταύτην
1238 2873 1308 2918 cum
1330 2853 1526 2921 Blomfieldio
1547 2873 1604 2939 pro
1627 2851 1778 2918 librorum
1801 2848 1958 2934 scriptura

134 2954 198 3022 εὖτ’
222 2953 270 3027 ἄν,
291 2973 322 3018 v.
348 2954 388 3019 14
409 2952 487 3032 ἐμοί·
510 2952 615 3034 φόβοι
637 2952 698 3033 γάρ
720 2953 870 3038 reposuit,
894 2972 923 3018 ν.
957 2957 996 3022 15
1028 2954 1130 3020 πόνον
1162 2974 1220 3039 pro
1252 2953 1343 3040 ὕπνῳ
1376 2954 1579 3042 excogitavit,
1602 2973 1632 3020 ν.
1658 2956 1697 3020 17
1719 2952 1879 3031 ἐκτέμνων
1899 2970 1957 3036 pro

133 3059 237 3124 altera
258 3055 410 3122 librorum
443 3055 598 3141 scriptura
630 3055 790 3134 ἐντέμνων
823 3075 893 3120 cum
926 3055 1083 3123 Ahrensio
1116 3056 1273 3142 probavit,
1306 3079 1335 3126 v.
1364 3059 1404 3124 19
1430 3055 1685 3136 δετποτουμένου
1708 3053 1842 3139 scripsit,
1863 3073 1894 3120 v.
1916 3054 1958 3118 25

135 3157 373 3226 interiectioucs
394 3155 444 3220 lob
468 3155 518 3221 loir
540 3163 616 3222 ante
637 3176 668 3224 v.
691 3159 732 3222 22
755 3175 826 3223 curn
848 3157 1029 3224 Hermanno
1051 3157 1194 3242 insemit,
1217 3180 1247 3225 v.
1272 3159 1314 3224 24
1335 3158 1435 3223 verba
1448 3162 1542 3237 τῆσδε
1558 3159 1725 3236 αυμφομᾶε
1739 3155 1830 3235 χάριν
1855 3175 1958 3222 novae

134 3259 313 3328 sententiae
335 3257 460 3324 initium
482 3277 559 3326 esse
577 3277 711 3340 eamque
733 3259 789 3324 tali
815 3279 909 3325 versu
936 3258 1115 3344 deperdito:
1138 3259 1240 3325 παιᾶν’
1264 3258 1384 3340 ἰακχεϊν
1406 3261 1456 3325 δεῖ
1476 3257 1587 3339 τάχιετ’
1617 3259 1656 3324 ἰὼ
1678 3257 1716 3322 ἰώ
1739 3255 1958 3342 complendam

135 3381 208 3430 esse
230 3361 418 3445 suspicatur,
440 3379 470 3426 v.
493 3362 535 3427 32
568 3357 604 3424 εὗ
637 3357 763 3425 uetdvr'
794 3361 988 3440 αἰσθήσομαι,
1022 3381 1052 3426 v.
1086 3362 1127 3428 33
1158 3359 1245 3440 τῆσδ’
1278 3361 1347 3440 ἐμοί
1379 3381 1436 3446 pro
1462 3361 1558 3440 τῆιδέ
1580 3381 1632 3440 μοι
1655 3357 1798 3440 coniecit,
1822 3357 1959 3440 deniqne

134 3487 164 3533 v.
187 3465 230 3532 49
252 3463 360 3528 αὐδῶν
382 3461 422 3527 οὐ
445 3481 484 3527 ex
505 3461 598 3528 Bess.
630 3480 687 3544 prc
719 3461 910 3544 reliquorum
943 3463 1094 3529 librorum
1127 3463 1284 3547 scriptura
1315 3463 1404 3528 αὐδῶ
1427 3463 1485 3527 κού
1508 3463 1540 3527 in
1560 3469 1680 3528 textum
1708 3459 1828 3545 recepit
1848 3479 1958 3528 vocem

134 3568 219 3634 ἑκών
243 3586 314 3633 cum
335 3565 433 3630 verbo
455 3563 591 3643 λήθομαι
613 3561 769 3628 artissime
790 3563 936 3648 iungens.

288 3665 535 3734 Recentissimos
558 3685 634 3730 vero
657 3663 795 3730 editores
817 3663 992 3732 Hensdium
1015 3673 1047 3731 et
1067 3665 1210 3732 Paleium
1234 3685 1340 3736 rursus
1362 3665 1405 3731 ad
1420 3666 1583 3750 vulgatum
1599 3671 1720 3732 textum
1740 3664 1830 3730 illum
1850 3665 1959 3732 nescio

133 3791 198 3854 qno
220 3777 315 3855 pacto
337 3766 480 3852 relapsos
503 3785 574 3832 esse
597 3757 777 3851 supraiam
798 3766 977 3833 monuimus
1004 3767 1065 3832 nisi
1094 3767 1179 3851 quod
1200 3768 1233 3833 in
1256 3767 1396 3834 editione
1418 3766 1573 3850 Paleiitt)
1596 3787 1626 3834 v.
1649 3769 1669 3834 7
1690 3787 1747 3852 pro
1769 3765 1960 3851 interpolato

134 3873 264 3939 habitus
285 3869 441 3952 uncisque
462 3867 602 3934 inclusus
626 3874 683 3934 est.
730 3917 742 3924 .

288 3971 454 4054 Reliquum
478 3975 526 4035 est
547 3976 583 4034 nt
614 3969 782 4037 nonnullas
814 3970 991 4036 criticorum
1025 3969 1223 4036 coniecturas
1255 3969 1373 4036 addam
1405 3979 1472 4037 tum
1493 3971 1527 4036 iu
1549 3970 1661 4038 diariis
1681 3968 1817 4056 litam)
1840 3977 1906 4034 turn
1927 3969 1960 4034 in

135 4071 455 4141 commentationibus
477 4070 790 4160 peculiaribus****)
812 4071 853 4138 de
875 4070 1007 4154 singulis
1041 4071 1162 4156 prologi
1185 4072 1263 4139 locis
1285 4074 1463 4158 propositas
1485 4093 1565 4157 quas
1587 4072 1653 4139 lere
1675 4091 1784 4138 omnes
1805 4071 1839 4136 iu
1859 4071 1962 4138 latina

746 4227 754 4254 l

296 4277 324 4343 ²)
341 4277 407 4334 Fuit
425 4293 485 4333 enni
502 4277 573 4332 idern
592 4275 718 4346 Engerns
736 4277 818 4333 etiam
836 4275 1016 4334 coniecturam
1034 4275 1134 4332 Keelsii
1153 4274 1323 4354 αἰσθήσομαι
1340 4276 1478 4347 probaret:
1492 4277 1539 4333 sed
1551 4276 1649 4333 iterum
1666 4275 1800 4333 fluctuans
1819 4283 1848 4332 et
1864 4275 1961 4348 prioris

133 4366 295 4438 suspicionis
312 4381 377 4422 snae
395 4365 551 4422 memoriam
568 4363 755 4434 redintegrans
773 4369 861 4420 totum
879 4381 986 4421 versum
1004 4365 1080 4422 obelo
1098 4363 1211 4421 nonsit.
1240 4363 1274 4420 ct.
1293 4366 1406 4436 append.
1425 4366 1485 4422 erlt.
1504 4365 1539 4420 ad
1557 4365 1620 4420 edit.
1640 4379 1723 4433 germ.
1742 4365 1837 4433 (1871)
1854 4383 1881 4436 p.
1901 4369 1961 4424 166.

278 4451 321 4520 *1)
338 4453 485 4510 Praeterea
501 4469 536 4509 ue
554 4452 618 4521 qnid
636 4453 721 4509 celem
747 4451 817 4508 idem
843 4453 952 4510 Peleius
981 4454 1141 4525 scripturam
1169 4454 1352 4522 vulgatam
1376 4457 1410 4511 11
1436 4450 1499 4527 ipsis
1524 4452 1680 4508 dubitanter
1706 4459 1846 4523 suspectat
1872 4453 1961 4512 nescio

137 4543 211 4598 cuins
228 4541 397 4598 Dcualdsoui
409 4547 587 4598 commentum
606 4542 672 4618 ἔρροι
693 4555 899 4598 commemorans
912 4541 998 4611 deque
1010 4542 1143 4613 scriptura
1160 4542 1208 4597 illa
1226 4542 1293 4598 haec
1311 4541 1412 4598 dicens:
1432 4537 1555 4596 Klnuseu
1574 4539 1626 4596 and
1643 4540 1720 4597 Pelle
1737 4543 1792 4598 llud
1811 4543 1962 4612 apeculiar

138 4631 207 4685 laroc
235 4629 264 4685 iu
290 4628 353 4704 ἐμὴν
370 4629 465 4698 placed
483 4638 513 4685 at
530 4629 577 4685 the
595 4627 648 4682 end
665 4628 697 4682 of
711 4629 758 4686 the
776 4629 835 4685 llrst
853 4631 952 4699 clause,
969 4647 1000 4686 as
1017 4630 1042 4686 il
1057 4631 1081 4686 it
1098 4645 1170 4688 vvere
1188 4631 1302 4699 directly
1325 4629 1482 4700 suggestivs
1506 4629 1535 4684 ol
1551 4631 1607 4706 ἐμοὶ
1628 4635 1658 4685 to
1685 4630 1719 4686 be
1747 4631 1869 4700 supplied
1895 4629 1962 4686 vvlth

137 4721 308 4795 aquaead.
344 4715 411 4772 This
438 4733 551 4786 appears
578 4733 595 4772 a
621 4707 776 4784 gratuitous
794 4717 972 4788 supposition3
990 4735 1041 4774 nor
1058 4719 1082 4775 is
1100 4718 1124 4773 it
1141 4734 1205 4786 easy
1222 4723 1251 4773 to
1271 4733 1388 4787 approve
1405 4717 1568 4774 Hermnnu’s
1587 4717 1741 4789 alteration,
1760 4725 1786 4779 rl
1796 4717 1862 4796 prim·
1877 4715 1964 4794 φόβος

132 4799 190 4881 yrip
214 4808 266 4863 nl.
312 4803 342 4859 lt
359 4804 383 4860 is
400 4810 449 4859 not
465 4805 587 4874 nnlilrely
604 4806 665 4861 thot
683 4821 755 4860 soma
772 4805 848 4862 linita
866 4807 931 4862 verb
948 4806 997 4862 has
1015 4806 1083 4863 been
1101 4808 1162 4874 lost,
1181 4806 1209 4861 in
1226 4805 1303 4875 place
1321 4808 1351 4862 ot
1366 4807 1454 4862 which
1472 4804 1534 4883 ἐμὴν
1550 4821 1607 4861 was
1625 4808 1747 4877 wrongly
1764 4803 1883 4872 written,
1894 4803 1963 4858 nom

134 4889 170 4945 its
188 4889 370 4947 resemblance
388 4899 416 4948 tc
444 4891 518 4968 εὐνὴν
544 4899 611 4950 next
628 4893 720 4950 above.
756 4893 888 4963 compare
905 4894 1031 4950 however
1048 4895 1097 4950 iul.
1115 4896 1193 4950 1197.
1230 4893 1309 4950 illum.
1330 4897 1390 4951 518.
1427 4893 1522 4965 Suppl.
1541 4897 1603 4951 960.

262 4977 323 5045 ⁸⁸)
341 4979 574 5050 EhAhrens,
593 4980 733 5037 Studien
750 4997 820 5036 anm
838 4980 1061 5051 Agamemnon
1079 4982 1135 5039 des
1154 4980 1348 5052 Aeschylus.
1374 4983 1473 5040 Philol.
1486 4983 1639 5053 suppl.1p.
1652 4983 1802 5050 916-904,
1812 4981 1964 5036 Alb-640.

132 5067 171 5122 A.
189 5065 357 5136 Mainake,
375 5068 550 5126 Kritisahe
568 5069 818 5139 cherknngeu
836 5086 875 5125 uu
893 5070 1091 5138 Aeschylus,
1109 5069 1207 5126 Phllol.
1225 5069 1298 5126 xlx
1316 5087 1342 5140 p.
1363 5073 1503 5128 ras-214
1522 5072 1567 5140 (cl.
1587 5071 1668 5128 etiam
1686 5071 1739 5126 vel.
1755 5067 1834 5126 um
1851 5085 1878 5138 p.
1891 5068 1964 5133 616).

243 5153 318 5224 lm)
335 5156 399 5212 Huc
408 5157 575 5226 potissimum
584 5157 857 5228 spectathnderi
867 5158 900 5213 de
909 5157 1039 5227 Aeschyli
1048 5158 1251 5228 Agamemnone
1260 5139 1414 5216 dissertatio
1424 5159 1519 5216 critica
1531 5166 1559 5216 et
1568 5159 1716 5229 exegetica.
1735 5157 1845 5215 Gaianae
1855 5159 1923 5214 rest
1936 5163 1965 5213 et

132 5243 309 5302 Francisci
322 5245 534 5302 Beckmauni:
548 5246 756 5314 Bemerlrungen
767 5261 828 5302 auru
837 5245 939 5316 Prclog
950 5245 1005 5300 und
1017 5261 1066 5300 sur
1073 5245 1193 5303 Parodos
1206 5246 1253 5303 des
1262 5246 1472 5318 Aeschyliaeheu
1481 5247 1676 5318 Agamemnon.
1695 5248 1876 5316 Branuaberg.
1887 5247 1965 5302 1667.
