4576 5834
1163 243 1357 340 ..-Ι-0...

347 449 421 517 adv.
444 447 545 517 Theb.
569 451 589 516 3
611 447 704 513 οἴακα
725 449 842 526 νωμῶν
864 446 1010 526 βλέφαρα
1032 445 1073 524 μὴ
1096 448 1215 524 κοιμῶν
1236 443 1327 528 ὕπνῳ
1349 443 1402 510 val
1423 464 1464 510 cx
1485 443 1596 530 phrasi
1610 443 1778 510 Homerica
1791 442 1894 508 ὕπνον
1910 443 1962 508 ἐπὶ
1982 443 2171 525 βλεφάροιιν

350 550 427 630 βάλε
449 549 566 634 Odyss.
589 571 610 614 α
631 551 694 616 364
714 547 907 615 tritissimum
929 546 1019 632 ὕπνῳ
1041 566 1098 631 pro
1119 545 1205 626 ὕπαρ
1226 545 1442 631 imprudenter
1463 544 1606 630 arripuit

500 672 530 717 ν.
555 653 602 718 17.
646 649 720 714 libri
740 647 892 716 fluctuant
923 649 1006 715 iuter
1036 649 1223 734 scripturam
1257 648 1416 727 ἐντέμνων
1448 655 1480 712 et
1512 646 1679 725 ἐκτέμνων.
1722 645 1780 713 sed
1811 653 1975 732 utramque
1997 647 2115 715 salsam
2138 658 2169 716 et

349 771 532 838 perversam
554 773 627 819 esse
648 757 746 836 patet
790 750 860 833 quis
883 749 965 816 euim
988 771 1058 818 cnm
1081 750 1121 816 de
1144 757 1239 816 cantu
1260 749 1396 833 loquitur
1418 755 1453 815 ut
1479 748 1538 813 hoe
1560 747 1639 831 loeo,
1661 749 1849 834 metaphora
1868 749 1911 815 ab
1934 749 2090 817 herbariis
2114 752 2170 834 qui

349 855 508 936 ῥιζοτόμοι
529 860 683 920 vocantur
703 859 830 938 sumpta
850 853 977 918 utatur?
998 872 1040 917 ue
1061 852 1161 918 multa
1188 849 1298 916 -hic
1329 869 1453 934 quoqne
1486 847 1738 934 simplicissimus
1771 857 1803 915 et
1833 850 2036 935 planissimus
2061 871 2169 918 sermo

349 957 432 1022 bono
454 954 628 1023 excubitori
648 951 863 1020 restituendus
900 951 1161 1036 scribendumque
1194 953 1228 1019 ni
1259 951 1352 1017 fallor
1383 949 1487 1016 ὕπνου
1515 947 1584 1015 τόδ’
1615 949 1808 1031 ἀντίμολπον
1841 951 2013 1018 ἐκπονῶν
2034 952 2113 1020 daec
2137 963 2171 1021 ut

349 1057 460 1144 suppl
483 1058 546 1123 367
568 1061 644 1140 ξυνῇ
672 1039 812 1134 μελέεθω
834 1055 912 1120 lube
935 1055 1081 1120 ἐκπονεῖν
1103 1053 1171 1132 ἄκη.
1215 1054 1278 1119 iam
1311 1051 1403 1118 vides
1436 1071 1533 1134 quam
1564 1052 1727 1119 commode
1755 1054 1921 1120 excubitor
1941 1055 2070 1124 labores
2091 1078 2169 1126 suos

347 1157 524 1226 identidem
556 1177 753 1240 conquerens
786 1155 879 1222 ctiam
912 1155 1035 1222 tristem
1067 1161 1193 1220 cautum
1224 1175 1313 1222 suum
1346 1163 1506 1239 tamquam
1535 1154 1708 1220 remedium
1742 1154 1843 1222 sorum
1876 1157 1968 1238 quasi
2001 1158 2169 1226 elaborare

349 1259 479 1326 dicatur.
523 1266 621 1326 restat
642 1258 777 1341 deniqne
811 1256 966 1344 quintus
997 1257 1085 1324 locus
1116 1256 1191 1322 item
1222 1255 1296 1322 labe
1328 1263 1465 1323 utente
1498 1255 1566 1322 dixi
1594 1255 1744 1323 deformis
1770 1263 1803 1323 et
1828 1259 1964 1323 omnium
1988 1259 2167 1327 criticorum

349 1359 517 1445 naufragio
538 1361 675 1428 infamis.
720 1380 759 1425 ac
780 1380 810 1426 v.
836 1361 875 1425 19
897 1359 1072 1443 scripturae
1102 1358 1252 1443 vulgatae
1285 1359 1537 1438 διαπονουμένου
1570 1377 1684 1442 reapse
1716 1356 1839 1441 aliquid
1870 1359 1952 1426 labis
1979 1361 2166 1428 adhaesisse

347 1461 462 1528 merito
495 1463 592 1528 eutici
625 1460 825 1528 consentiunt
860 1459 1072 1528 coniecturam
1109 1461 1367 1539 δεεποτουμένου
1400 1460 1543 1526 certatim
1575 1459 1757 1546 probantes.
1811 1480 1893 1544 quae
1925 1462 2002 1529 mihi
2039 1463 2165 1547 quidem

349 1562 523 1646 speciosior
543 1584 637 1647 quam
661 1564 765 1628 verior
786 1560 921 1644 videtur,
949 1582 1019 1627 eum
1046 1563 1135 1628 locus
1161 1562 1236 1630 iste:
1259 1561 1346 1626 κλάω
1367 1558 1433 1626 τότ’
1455 1561 1544 1626 οἴκου
1566 1565 1661 1627 τοῦδε
1684 1563 1851 1641 ευμφορὰν
1878 1565 1998 1630 ετένων
2021 1565 2102 1652 ,οὐχ
2123 1565 2164 1630 ιλιι

348 1663 389 1726 rh
410 1662 522 1742 πρῶθ’
548 1664 658 1744 ἄριετα
689 1663 998 1742 δεεποτουμένου
1022 1664 1081 1746 (sic
1103 1663 1185 1730 enim
1210 1663 1309 1730 critici
1330 1662 1377 1728 illi
1399 1663 1543 1730 scribunt
1563 1664 1694 1730 verbum
1723 1666 1977 1743 δεεποτουμένου
1992 1663 2034 1732 ad
2049 1667 2164 1732 malam

349 1763 462 1832 domus
484 1766 590 1850 regiae
613 1763 986 1831 administrationem
1018 1765 1203 1847 reserentes)
1236 1764 1434 1850 apertissime
1465 1772 1587 1850 pugnet
1608 1785 1678 1831 cum
1700 1764 1764 1831 alio
1787 1765 1929 1831 eiusdem
1951 1768 2076 1853 prologi
2097 1767 2166 1835 loco

347 1886 378 1932 v.
400 1869 441 1934 32
462 1868 503 1933 τὰ
528 1871 723 1932 δεεποτῶν
743 1867 804 1946 γὰρ
827 1864 866 1930 εὖ
889 1866 1053 1932 πεεόντα
1090 1865 1232 1946 θήεομαι,
1269 1865 1323 1931 ubi
1356 1863 1527 1932 eorundem
1560 1865 1791 1932 dominorum
1824 1887 1876 1935 res
1903 1870 1997 1935 bene
2020 1871 2164 1936 evenisse
2270 1903 2271 1908 ι

349 1967 504 2036 dicuntur.
547 1970 655 2053 itaque
677 1967 720 2033 ad
740 1966 857 2033 malam
877 1968 984 2052 potius
1006 1968 1140 2034 samam
1163 1966 1275 2034 domus
1306 1967 1415 2051 regine
1447 1987 1574 2034 versum
1606 1968 1693 2034 illum
1724 1968 1899 2035 rettulerim
1921 1970 2164 2056 scripserimque

348 2071 567 2150 διαβοωμένου
600 2091 657 2155 pro
689 2069 842 2136 mendosa
873 2070 1024 2136 librorum
1055 2070 1212 2156 scriptura
1243 2070 1506 2148 διαπονουμένου.
1549 2069 1633 2154 quod
1665 2068 1814 2135 mendum
1846 2071 1986 2156 proclive
2008 2093 2087 2139 saue
2109 2075 2164 2139 fuit

347 2169 476 2235 librario
498 2170 691 2237 committere
723 2171 868 2237 uimimm
899 2172 944 2238 ad
974 2171 1109 2257 proximi
1140 2190 1252 2238 versus
1273 2191 1385 2238 vocem
1407 2172 1517 2236 πόνων
1539 2172 1640 2239 oculis
1662 2172 1834 2238 aberranti.
1878 2171 2079 2258 participium
2102 2180 2165 2241 δια·
2270 2235 2271 2240 ,

349 2271 512 2350 βοῶμενοε
533 2279 567 2336 ut
588 2273 648 2338 hoe
670 2293 795 2356 qnoque
817 2293 972 2355 moneam,
993 2292 1057 2338 vox
1078 2272 1186 2339 media
1208 2281 1257 2340 est
1278 2272 1426 2357 idemque
1448 2271 1604 2358 signifieat
1627 2274 1712 2358 quod
1733 2275 1925 2354 περιβόητοι
1946 2274 1966 2341 'n
1987 2296 2014 2342 e.
2029 2275 2163 2342 decan·

347 2381 465 2457 tatus,
488 2373 736 2458 nobilitatus,
758 2374 975 2442 infamatus.

498 2496 528 2542 v.
563 2477 697 2542 22-25.
750 2474 861 2542 horum
893 2493 1041 2540 versuum
1073 2495 1154 2542 uuus
1186 2475 1268 2542 adeo
1300 2475 1417 2562 triplici
1449 2474 1564 2542 mendo
1597 2482 1762 2559 corruptus
1789 2484 1848 2558 est,
1869 2497 1996 2544 versum
2018 2477 2092 2545 dieo
2114 2482 2161 2546 24.

347 2576 481 2661 primum
513 2576 677 2642 offensioni
710 2585 758 2642 est
795 2579 960 2657 ευμφορᾶε
993 2596 1056 2660 qua
1088 2597 1166 2642 voce
1198 2577 1335 2642 laetum
1368 2587 1514 2646 eventum
1547 2577 1597 2644 hic
1629 2577 1807 2661 significari,
1841 2589 1952 2645 contra
1971 2581 2067 2664 paulo
2090 2591 2162 2648 aute

345 2700 373 2747 v.
400 2680 439 2744 18
466 2678 554 2743 κλάω
575 2677 638 2744 τότ’
663 2677 753 2744 οἴκου
774 2682 870 2744 τοῦδε
897 2699 937 2742 ευ
944 2678 1095 2758 μφορὰν
1124 2679 1243 2744 ττένων
1272 2678 1422 2746 tristem
1448 2700 1556 2747 casum
1577 2678 1736 2763 deplorari
1757 2700 1862 2746 noune
1883 2681 1997 2748 mimm
2019 2682 2162 2749 videtur?

345 2781 535 2864 omninoque
561 2785 728 2860 ευμφορᾶε
749 2781 840 2860 χάριν
861 2780 961 2845 verba
981 2779 1074 2846 valde
1097 2779 1210 2845 similia
1232 2779 1307 2845 mihi
1329 2780 1475 2848 videntur
1496 2780 1677 2866 glossemati
1692 2779 1778 2864 quod
1792 2781 1961 2864 genuinam
1976 2782 2160 2867 scripturam
2271 2853 2272 2872 ,

345 2881 467 2948 scilieet
503 2885 626 2960 buocha
659 2881 760 2962 χαράν
793 2881 954 2967 expulisse
985 2880 1152 2965 probabile
1188 2889 1247 2946 est.
1292 2886 1416 2962 δωρεᾶ(
1448 2882 1549 2963 χαράν
1581 2903 1638 2968 per
1670 2882 1902 2967 appositionem
1929 2884 2036 2950 verbis
2057 2887 2160 2964 χορῶν

344 2981 529 3048 κατάτταειν
565 2984 659 3070 paulo
696 2981 849 3060 audacius
881 2981 1024 3049 additum
1057 2991 1115 3050 est.
1159 3002 1241 3064 qnae
1274 2983 1401 3067 qnidam
1423 2985 1509 3052 doni
1531 2984 1704 3069 gaudiique
1725 2984 1813 3051 notio
1836 2984 1955 3071 optime
1976 2985 2160 3070 quadratio
2270 2984 2271 3001 ¹

345 3083 560 3151 excubitorem
583 3086 723 3168 alioquin
744 3086 860 3150 bonum
881 3084 1103 3152 homunculum
1125 3104 1184 3150 nec
1206 3092 1311 3150 tamen
1333 3085 1489 3152 commodi
1511 3087 1561 3153 sui
1582 3086 1677 3171 plane
1700 3087 1829 3156 oblitum
1849 3085 2024 3170 eodemque
2039 3095 2160 3172 spectat

345 3184 438 3249 etiam
460 3205 490 3254 v.
514 3189 555 3254 33
576 3188 643 3266 rplc
665 3189 699 3255 ἓξ
722 3189 878 3268 βαλούεηε
910 3188 1005 3267 τῆτδέ
1027 3208 1079 3266 μοι
1101 3186 1313 3268 φρυκτωρίαι.
1358 3186 1496 3273 danique
1515 3197 1697 3272 suspectum
1711 3187 1786 3254 mihi
1802 3186 1928 3253 videtur
1942 3185 2159 3254 eodcmversu

343 3289 473 3351 πολλῶν
495 3298 558 3354 tom
582 3289 655 3373 quia
676 3287 783 3354 debile
805 3288 1059 3356 additamentum
1075 3295 1125 3356 est
1138 3287 1227 3354 vocis
1242 3291 1349 3367 χορῶν
1364 3309 1426 3373 qno
1442 3289 1537 3355 facile
1552 3310 1705 3374 cerame,
1720 3299 1786 3355 tum
1801 3289 1879 3372 quia
1892 3307 1949 3376 pro
1974 3289 2159 3370 πιφαῦεκων

344 3387 365 3450 i.
388 3407 416 3455 e.
439 3391 647 3456 osteudens
681 3389 880 3458 desideratur
911 3389 1000 3457 aliud
1031 3388 1231 3474 participium
1263 3399 1327 3455 tam
1354 3391 1395 3455 ad
1417 3391 1516 3458 verba
1537 3394 1643 3472 χορῶν
1671 3390 1856 3456 κατάεταειν
1882 3411 1978 3474 quam
1999 3391 2042 3456 ad
2065 3391 2158 3457 verba

345 3488 531 3558 coniciendo
553 3513 574 3556 a
595 3492 686 3558 nobis
707 3475 885 3558 instaurata
905 3494 1029 3572 δωρεᾶ(
1051 3491 1153 3571 χαράν
1174 3491 1454 3559 accommodatum.
1499 3493 1576 3576 quid
1597 3491 1711 3578 plura?
1731 3491 1766 3558 in
1788 3492 1944 3577 scriptura
1964 3496 2095 3558 πολλῶν
2110 3481 2158 3558 vix

345 3591 474 3657 dubium
497 3601 547 3658 est
568 3594 642 3678 quin
663 3595 761 3660 lateat
783 3593 984 3679 participium
1005 3593 1117 3670 πορών
1138 3593 1158 3659 i.
1182 3613 1209 3657 e.
1231 3594 1436 3677 praebens,
1466 3594 1664 3676 exhibens,
1691 3612 1831 3678 parans
1858 3593 1933 3660 huie
1954 3595 2023 3660 loco
2046 3595 2159 3680 pariter

344 3694 537 3760 conveniens
560 3704 654 3778 atque
676 3697 779 3760 Prom.
803 3696 866 3762 617
889 3695 1019 3761 οὔκουν
1038 3694 1173 3773 πόροιε
1206 3694 1246 3758 ἂν
1277 3695 1372 3772 τήνδε
1405 3697 1531 3775 δωρεὰν
1563 3695 1641 3774 ἐμοί.
1685 3702 1823 3760 ceterum
1853 3695 2033 3761 coniectura
2054 3703 2158 3762 nostm

342 3793 444 3874 χαράν
465 3815 523 3880 pro
545 3817 607 3880 qua
629 3797 735 3882 possis
758 3797 852 3862 etiam
874 3795 1017 3862 dativum
1038 3801 1122 3880 χαρᾷ
1141 3796 1342 3878 substituere,
1366 3796 1484 3881 optime
1507 3796 1706 3864 confirmatur
1726 3818 1756 3864 v.
1780 3798 1821 3863 25
1841 3796 2061 3864 interiectione
2081 3816 2167 3880 quae.

345 3895 451 3961 statim
485 3900 626 3983 sequitur
659 3899 709 3964 ἰοῦ
742 3897 792 3963 iob
826 3917 890 3980 qua
921 3897 1075 3963 laetitiam
1108 3918 1196 3964 snam
1230 3896 1380 3983 exprimit
1411 3899 1583 3965 excubitor.
1627 3897 1676 3964 sic
1697 3900 1780 3964 enim
1803 3897 1921 3964 Suidas
1942 3917 2054 3965 vocem
2077 3901 2157 3966 illam

344 3997 518 4083 explicans:
541 4000 592 4065 ἰοῦ
615 4001 674 4066 ἰοῦ·
695 4001 733 4065 τὸ
756 4001 806 4065 λοῦ
830 3999 880 4063 ἐπὶ
901 4003 1009 4078 χαρᾶε.
1052 3998 1213 4065 artissime
1245 3999 1339 4084 igitur
1371 4000 1540 4066 cohaerere
1573 3999 1716 4066 videmus
1748 4019 1819 4066 eum
1854 4019 2041 4085 praegresso
2068 4019 2158 4068 versu

343 4098 578 4170 interiectiones
600 4103 670 4169 illas
692 4122 772 4187 quas
793 4102 994 4168 Hermaunus
1015 4100 1131 4184 aliique
1165 4099 1265 4165 critici
1297 4121 1463 4186 perperam
1486 4109 1559 4168 aute
1579 4124 1610 4170 v.
1633 4103 1683 4185 22,
1706 4101 1760 4168 ubi
1781 4100 1915 4186 primum
1937 4101 2019 4185 iguis
2041 4100 2159 4186 conspi-

344 4200 434 4284 citur,
457 4208 663 4288 transponere
685 4204 861 4270 voluerunt.
905 4221 1096 4286 quamquam
1117 4200 1189 4286 ipse
1223 4201 1420 4270 Hermanucs
1452 4204 1571 4290 optime
1593 4203 1749 4288 intellexit
1771 4222 1855 4268 nuuc
1877 4201 2003 4268 demum
2037 4201 2158 4270 excubi-

344 4295 443 4367 torem
465 4303 560 4388 plane
580 4314 730 4388 quantum
753 4307 812 4373 hoc
833 4303 942 4388 gaudii
965 4303 1015 4386 sit,
1037 4302 1265 4388 persentiscere
1292 4323 1394 4386 eoque
1421 4305 1461 4370 iu·
1475 4326 1570 4373 voces
1591 4305 1663 4371 illas
1685 4323 1859 4389 erumpere.
1892 4303 2066 4370 scholiasta
2085 4321 2158 4369 vero

345 4422 415 4468 cum
436 4403 626 4485 ἀνακραγεῖν
649 4407 732 4489 dicit,
756 4407 855 4473 verba
876 4405 903 4470 ῶ
924 4407 1014 4484 χαῖρε
1036 4403 1200 4487 intellegit,
1223 4410 1258 4469 ut
1279 4413 1365 4470 reete
1386 4405 1550 4472 adnotavit
1575 4407 1731 4488 Engerus.
1762 4404 1838 4470 hinc
1859 4411 1947 4491 patet
1969 4411 2158 4490 quantopere

345 4507 498 4572 erraverit
529 4507 670 4574 Keckius
703 4508 937 4574 interiectiones
971 4505 1021 4571 lob
1054 4504 1104 4570 ἰαῦ
1138 4525 1208 4573 cnm
1241 4505 1423 4573 Hermanno
1455 4514 1530 4572 ante
1555 4527 1585 4574 v.
1612 4509 1653 4573 22
1675 4517 1879 4592 praepostere
1900 4514 2110 4590 transponens
2131 4511 2160 4570 et

345 4607 501 4692 integrum
521 4628 648 4674 versum
671 4617 744 4676 ante
766 4633 794 4676 ν.
818 4611 859 4676 26
882 4606 1039 4674 excidisse
1061 4605 1216 4672 inutiliter
1238 4605 1413 4692 suspicans.

495 4730 524 4778 ν.
546 4712 620 4778 26-
631 4713 681 4778 33.
703 4711 855 4793 reliquum
877 4708 999 4796 prolog'
1021 4715 1140 4774 textum
1162 4707 1238 4772 inde
1260 4728 1281 4773 a
1301 4729 1331 4776 ν.
1353 4711 1395 4776 26
1417 4709 1495 4775 satis
1522 4707 1722 4776 emendatum
1743 4709 1843 4776 videri
1865 4708 1950 4775 haud
1971 4709 2158 4792 negaverim.

345 4831 404 4876 nee
425 4817 532 4877 tamen
553 4796 674 4879 tantum
695 4811 812 4895 largiar
843 4820 879 4878 ut
911 4829 1021 4876 ornnes
1054 4809 1180 4876 omniuo
1207 4828 1325 4875 naevos
1347 4809 1463 4876 abesse
1485 4810 1526 4875 ab
1548 4829 1587 4876 eo
1610 4810 1808 4878 contendam.
1852 4811 1986 4896 primum
2008 4810 2091 4876 male
2113 4826 2158 4874 me

346 4912 442 4978 habet
464 4935 492 4980 v.
515 4916 565 4982 27.
588 4917 629 4980 28
652 4912 770 5000 duplex
791 4911 918 4979 dativus
939 4909 1051 4991 δόμοιε
1070 4946 1114 4959 -
1134 4914 1210 4994 tribe
1232 4910 1369 4990 λαμπάδι
1407 4910 1603 4978 incommode
1635 4933 1713 4978 saue
1744 4931 1814 4977 oum
1846 4911 1944 4978 verbo
1967 4912 2159 4992 ἐπορθιάζειν

344 5013 528 5098 iungendos.
573 5035 631 5082 uec
653 5033 728 5080 vcro
751 5012 968 5080 difficultatem
990 5010 1126 5079 solvisse
1145 5011 1304 5097 putandus
1319 5022 1368 5080 est
1381 5012 1524 5080 Keclxihs
1538 5013 1650 5093 tepore
1665 5032 1736 5078 cum
1750 5013 1919 5099 participio
1939 5009 2159 5079 ὲπαντείλαιαν

342 5116 542 5184 artificiosius
576 5122 801 5202 coagmentans
833 5114 1038 5199 reginamque
1071 5131 1089 5179 e
1121 5119 1189 5182 toro
1222 5133 1281 5181 suo
1312 5135 1406 5181 mane
1438 5109 1619 5199 surgentem
1651 5122 1811 5197 mmqnam
1844 5135 1915 5182 cum
1945 5116 2012 5182 sole
2038 5111 2157 5183 domui
