4576 5834
1033 343 1072 408 15

123 542 626 626 11.12.14.16.21(scirtcet
657 549 714 608 ter
746 542 818 608 huic
849 543 953 610 versui
985 564 1112 610 manum
1146 553 1285 611 nostram
1317 547 1531 632 adhibuimus)
1563 556 1613 621 24.
1647 557 1698 623 29.
1722 557 1772 622 35.
1796 555 1853 624 sed
1875 557 1957 623 haue
2000 493 2008 514 x

127 647 323 717 emendandi
357 645 527 710 audaciam
560 645 624 710 noli
657 644 762 710 mirari
796 644 894 730 (quod
926 666 1026 730 nuper
1053 647 1071 712 l.
1096 666 1122 712 e.
1146 667 1176 732 p.
1200 650 1242 714 20
1263 650 1326 714 iam
1350 653 1467 733 monui)
1491 663 1539 717 sat
1562 655 1717 722 modicam
1740 657 1831 723 nobis
1854 657 1956 722 videri

126 771 343 838 praecorum
367 748 540 814 criticorum
555 746 736 812 licentiaan
757 747 933 814 temeritate
949 745 1001 830 qui
1027 749 1145 830 ubique
1173 749 1494 836 interpolationes
1521 757 1678 823 lacunas
1706 757 1957 824 traiectiones

126 856 160 919 in
182 853 358 940 procinctu
380 851 529 914 habentes
551 848 672 914 maiora
705 855 736 913 et
769 851 950 932 operosiora
983 849 1085 916 moliri
1117 849 1150 914 in
1183 852 1343 936 Aeschylo
1377 854 1621 940 haudquaquam
1643 867 1797 925 verentur.
1843 860 1957 941 quibus

127 957 234 1042 paulo
258 953 435 1020 fortioribus
458 951 535 1016 artis
558 951 684 1015 criticae
707 949 855 1015 remediis
888 952 1004 1034 alioqui
1039 951 1124 1016 baud
1157 955 1341 1035 spernendis
1372 964 1468 1039 atque
1491 959 1572 1024 adeo
1594 980 1824 1043 nonnumquam
1848 982 1957 1028 neces-

132 1059 234 1126 sariis
257 1059 313 1122 hoe
333 1055 442 1120 saltem
466 1052 597 1137 prologo
620 1051 721 1116 semel
742 1059 863 1116 tantum
886 1057 928 1135 (v.
945 1055 973 1119 5.
998 1056 1027 1120 6.
1053 1057 1081 1136 7,
1104 1053 1159 1118 ubi
1182 1054 1274 1118 triuur
1290 1076 1435 1122 versuum
1450 1060 1666 1142 contiguorum
1682 1059 1957 1144 interpolationem

136 1157 371 1244 indagavimus)
394 1156 497 1219 locum
531 1153 598 1220 dari
632 1151 774 1238 potuisse
807 1153 953 1220 vidimus.
998 1176 1071 1220 nam
1105 1174 1186 1237 quae
1220 1163 1383 1240 praeterea
1416 1161 1676 1244 investigavimus
1709 1163 1956 1248 glossemata,

139 1283 178 1327 ea
208 1259 366 1324 rarissime
398 1257 530 1320 duarum
563 1255 696 1320 triumve
729 1255 914 1337 litterarum,
948 1276 1118 1338 numquam
1153 1257 1294 1342 integri
1327 1262 1472 1326 vocabuli
1506 1262 1660 1326 ambitum
1691 1273 1851 1348 superant.
1885 1273 1957 1329 sunt

139 1384 209 1427 vero
232 1361 325 1426 baec:
351 1362 387 1425 11
412 1357 498 1435 ἐμήν,
524 1359 562 1423 12
585 1356 683 1439 ὕπνῳ,
709 1359 747 1421 14
771 1357 936 1436 ἐκτέμνων,
963 1359 1001 1422 16
1024 1360 1286 1437 διαπονουμένου,
1309 1363 1348 1426 21
1372 1366 1507 1452 πολλῶν,
1522 1401 1564 1410 -
1587 1366 1956 1444 conquaerebant.

286 1459 465 1544 Utcumque
498 1467 556 1540 est,
590 1460 768 1541 graviorum
803 1459 1049 1543 corruptelarum
1084 1459 1124 1524 ad
1159 1460 1330 1545 integros
1364 1483 1473 1527 versus
1507 1465 1699 1548 Aeschylcos
1735 1467 1956 1549 pertinentium

133 1565 269 1650 vestigia
290 1565 320 1628 in
342 1563 404 1628 boc
425 1560 552 1644 quidem
575 1559 705 1643 prologo
738 1567 863 1644 praeter
895 1580 991 1626 unum
1024 1562 1126 1626 locum
1160 1561 1245 1627 illum
1279 1585 1374 1646 quem
1407 1564 1499 1629 modo
1534 1567 1847 1633 commemoravimus
1874 1568 1957 1633 nulla

136 1668 344 1752 reperiuntur:
367 1686 440 1730 nam
464 1683 523 1728 nec
545 1660 626 1726 duas
648 1659 779 1726 lacunas
802 1660 847 1746 (7.
872 1664 925 1743 25)
948 1661 1063 1728 Keckii
1085 1684 1145 1729 nec
1167 1664 1309 1730 eiusdem
1331 1665 1445 1730 Keekii
1480 1667 1713 1749 Hermannique
1741 1668 1957 1734 traiectionem

134 1767 360 1834 interiectionis
384 1766 434 1829 ἰοῦ
448 1765 498 1829 ἰοῦ
514 1765 581 1846 (25)
599 1783 658 1827 nec
680 1761 796 1846 Engevi
819 1761 1092 1847 interpolationem
1108 1785 1218 1830 versus
1233 1765 1274 1830 32
1290 1787 1350 1831 nec
1364 1765 1500 1850 denique
1516 1769 1761 1835 audacissimam
1778 1769 1956 1835 ultimorum

136 1869 254 1956 prologi
284 1887 433 1934 versuum
456 1867 611 1953 (se-39)
634 1865 852 1931 traiectiorrem
875 1865 1125 1930 commendatam
1159 1866 1244 1930 illam
1278 1868 1319 1932 ab
1353 1868 1565 1934 Herwerdeno
1600 1872 1733 1954 probare
1767 1871 1830 1937 ullo
1862 1871 1956 1938 modo

133 1973 299 2058 potamus.

284 2072 377 2136 Nune
410 2068 484 2134 vide
518 2088 636 2153 quaeso
670 2074 797 2132 nostrae
830 2067 1135 2149 quantulaecumque
1169 2069 1246 2134 artis
1278 2069 1310 2133 in
1333 2069 1538 2138 instaurando
1561 2072 1720 2156 Aeschylo
1747 2073 1956 2138 modestam

140 2176 329 2242 audaciam
352 2192 434 2256 quae
459 2171 524 2236 sere
546 2170 578 2234 in
600 2169 732 2252 singulis
754 2168 866 2234 litteris
889 2189 928 2234 ac
950 2169 1081 2252 syllabis
1103 2168 1216 2234 leniter
1237 2170 1440 2236 immutandis
1464 2174 1625 2238 continere
1654 2195 1688 2239 se
1721 2176 1798 2239 satis
1831 2175 1957 2244 babeat.

141 2279 232 2343 relati
267 2274 353 2341 nullo
390 2271 518 2356 negotio
556 2289 671 2354 nempe
706 2269 799 2334 unius
831 2269 897 2334 fere
929 2270 1088 2336 litterulae
1112 2272 1163 2336 vel
1194 2270 1330 2336 lineolae
1364 2273 1413 2336 vel
1446 2276 1546 2359 apicis
1570 2276 1742 2340 mutatione
1764 2275 1957 2342 correximus

141 2379 311 2454 θᾶγκοθεν
332 2397 388 2462 pro
412 2375 556 2450 ἄγκαθεν,
579 2375 600 2436 4
622 2373 767 2435 κατεῖδον
803 2391 859 2455 pro
893 2371 1030 2444 κάτοιδα,
1065 2377 1084 2438 8
1117 2373 1251 2437 ἐλπίζειν
1283 2394 1340 2457 pro
1370 2375 1503 2448 ἐλπίζον,
1527 2379 1546 2442 9
1569 2375 1608 2441 αὗ
1631 2377 1726 2454 τήνδε
1750 2397 1806 2461 pro
1829 2373 1893 2441 εὖτ’
1914 2376 1953 2440 ἂν

143 2483 184 2552 δέ,
205 2485 242 2547 21
265 2481 364 2558 χαράν
386 2477 436 2542 vel
458 2481 541 2559 χαρᾷ
563 2495 619 2560 pro
642 2471 740 2553 χάριν,
765 2473 804 2538 29
828 2474 960 2551 europa
982 2493 1039 2560 pro
1062 2476 1204 2553 θήεομαι,
1228 2477 1269 2541 35
1291 2473 1377 2540 ἄκων
1400 2497 1456 2560 pro
1479 2478 1568 2542 ἑκών.

284 2580 453 2660 Quaeritur
475 2577 611 2659 denique
635 2583 785 2657 quantum
810 2574 889 2639 haec
910 2575 982 2658 ipsa
1005 2575 1126 2660 prologi
1150 2576 1327 2642 emendatio
1356 2597 1450 2658 qnam
1477 2579 1709 2662 temptavimus,
1733 2579 1774 2643 ad
1797 2578 1956 2644 illustran-

141 2685 207 2749 dam
230 2681 381 2766 Aeschyli
404 2687 503 2746 artem
539 2678 671 2761 eiusque
703 2677 873 2753 ἠθοποιΐαν
905 2685 937 2741 et
965 2677 1104 2742 indolem
1136 2677 1329 2743 excubitoris
1362 2701 1382 2744 a
1415 2689 1511 2764 poeta
1543 2679 1735 2763 descriptam
1756 2679 1873 2746 valeat.
1918 2700 1957 2745 ac

142 2787 266 2870 primum
289 2783 417 2867 quidem
440 2787 564 2847 constat
587 2777 780 2845 excubitoris
803 2797 970 2862 personam
994 2785 1152 2862 sumptam
1175 2799 1246 2845 esse
1268 2780 1310 2844 ab
1332 2781 1468 2845 Homero
1492 2779 1550 2847 Od.
1575 2786 1600 2853 δ,
1622 2782 1687 2847 521
1708 2803 1795 2868 ειμι..

537 2882 594 2946 τὸν
617 2878 644 2943 δ’
666 2877 716 2957 ἄρ’
738 2877 801 2943 ἀπὸ
825 2883 953 2958 exaurit
977 2879 1042 2945 εἶδε
1065 2881 1191 2952 croada.
1214 2881 1252 2946 ὅν
1274 2881 1315 2961 ῥα
1336 2886 1480 2947 καθεῑεεν

537 2983 682 3058 Αῐγιεθοε
705 2981 874 3059 δολόμητι(
897 2979 993 3056 ἄγων·
1015 2981 1077 3047 ὕπο
1100 2981 1128 3046 δ’
1150 2983 1259 3062 ἐεχετο
1282 2985 1400 3062 μιεθόν,

537 3086 656 3164 χρυεοῦ
679 3083 751 3147 δοιὰ
772 3082 918 3146 τάλαντα·
940 3085 1081 3164 φύλαεεε
1104 3082 1132 3148 δ’
1153 3082 1201 3160 ὅγ’
1222 3084 1267 3149 eie
1290 3087 1442 3158 ἐνιαυτόν,
1521 3085 1524 3094 ’

537 3187 578 3266 μή
603 3187 618 3251 ἑ
640 3185 733 3250 λάθοι
754 3185 885 3263 παριών,
909 3187 1059 3262 μνήεαιτο
1082 3188 1117 3250 δὲ
1140 3185 1289 3263 θούριδος
1312 3187 1417 3266 ἀλκῆς.

539 3293 577 3368 βῆ
600 3285 628 3352 δ’
648 3287 719 3367 ἴμεν
741 3287 900 3363 ἀγγελέων
922 3286 1003 3364 πρὸ(
1027 3287 1157 3364 δώματα
1178 3289 1302 3366 ποιμένι
1324 3291 1418 3352 λαῶν.

139 3395 199 3477 ,sed
221 3401 330 3480 partes
352 3400 383 3458 et
404 3391 564 3476 ingenium
592 3389 738 3469 hominis,
761 3399 796 3456 ut
822 3397 908 3453 rccte
940 3387 984 3452 ait
1016 3387 1203 3470 Karsteuus,
1235 3409 1292 3455 suo
1324 3387 1453 3456 arbitrio
1475 3391 1655 3456 informavit
1678 3393 1864 3479 Aeschylus.
1909 3403 1957 3460 est

138 3497 234 3562 fidelis
258 3495 363 3578 regiae
385 3493 496 3559 domus
520 3490 656 3556 santulus
680 3490 805 3573 longam
829 3491 895 3554 beri
918 3491 1094 3555 absentiam
1118 3490 1293 3571 aegerrime
1315 3491 1422 3557 ferens
1445 3499 1476 3557 et
1499 3513 1688 3578 quamquam
1704 3495 1811 3560 furtivi
1827 3495 1956 3581 reginae

136 3601 250 3666 amoris
273 3617 335 3662 non
357 3595 490 3677 nescius,
514 3593 638 3678 eulpam
671 3599 778 3657 tamen
810 3591 957 3656 lubenter
990 3600 1103 3673 tegens
1135 3590 1281 3675 idemque
1316 3593 1402 3675 quod
1434 3594 1467 3660 in
1497 3596 1592 3660 talem
1615 3595 1772 3661 bominem
1796 3596 1891 3678 cadit,
1914 3598 1956 3662 ob

135 3700 329 3766 dominorum
351 3697 551 3762 infortunium
575 3695 624 3761 sui
647 3693 803 3760 commodi
826 3713 888 3758 non
911 3693 1038 3760 oblitae.
1084 3692 1183 3759 oratio
1207 3695 1361 3759 communi
1385 3697 1602 3762 consuetudini
1625 3699 1816 3763 conveniens
1831 3699 1956 3764 moesti-

137 3803 209 3867 tiam
231 3799 330 3865 refert
351 3789 508 3862 hilaritate
531 3805 746 3880 temperatam.
792 3796 966 3880 comparari
1001 3803 1134 3880 possunt
1168 3815 1322 3878 personae
1354 3799 1520 3865 nutricis
1552 3800 1584 3863 in
1608 3799 1804 3883 Ohoepboris
1837 3809 1868 3864 et
1900 3820 1956 3864 cu-

137 3902 259 3969 stodis
282 3901 313 3965 in
336 3899 501 3984 Sophoclis
524 3899 700 3982 Antigona!
745 3907 839 3980 atque
871 3897 951 3963 hacc
974 3896 1101 3979 quidem
1125 3917 1208 3963 vere.
1253 3917 1311 3963 nec
1344 3899 1592 3966 dissentiendum
1626 3922 1646 3965 a
1679 3900 1879 3984 Lessingio*)
1903 3901 1955 3982 qui

137 4005 255 4088 pridem
278 4001 452 4068 rectissime
486 3997 706 4064 animadvertit
738 4019 915 4064 sermonem
949 3997 1139 4064 excubitoris
1172 4006 1205 4063 ut
1237 4000 1373 4066 bominis
1406 3998 1446 4065 de
1479 4001 1571 4085 plebe
1604 4023 1642 4066 ac
1665 4001 1747 4068 servi
1770 4003 1802 4066 in
1824 4002 1956 4087 prologo

142 4103 381 4190 Agamemnonis
408 4100 608 4184 Aeschyleae
641 4100 832 4184 peculiarem
865 4119 904 4163 ac
935 4101 1030 4184 plane
1063 4101 1224 4184 vulgarem
1248 4123 1328 4182 esse,
1351 4103 1447 4167 veluti
1471 4123 1539 4167 carn
1562 4102 1639 4167 talia
1660 4103 1802 4187 proferat
1825 4106 1867 4171 30
1888 4107 1955 4184 τρὶ(

141 4208 338 4288 &betoricae
353 4205 447 4282 τῆεδέ
463 4223 514 4280 μοι
530 4203 733 4281 φρυκτωρία(
749 4201 799 4265 vel
815 4203 856 4267 33
873 4205 948 4280 βοῦς
969 4202 1019 4265 ἐπὶ
1038 4202 1161 4286 γλώεεῃ
1184 4204 1280 4281 μέγα(
1306 4205 1446 4284 βέβηκεν.
1474 4213 1506 4269 at
1529 4225 1603 4270 vero
1625 4225 1824 4288 nequaquam
1848 4227 1956 4272 assen-

143 4309 275 4375 tiendum
298 4306 434 4371 arbitror
457 4302 556 4388 (quod
577 4323 674 4386 supra
696 4303 779 4386 dixi)
802 4303 1045 4369 Sclrneidcvvino
1069 4315 1100 4370 et
1122 4305 1147 4370 si
1171 4304 1221 4387 qui
1245 4306 1297 4370 alii
1321 4307 1458 4388 sunt,**)
1492 4305 1626 4372 eundem
1660 4307 1874 4373 excubitorem
1895 4308 1957 4372 hoc

142 4411 264 4496 prologo
286 4409 337 4474 vel
359 4407 569 4490 desipientem
592 4404 643 4467 vel
667 4403 893 4470 balbutientem
926 4407 976 4471 vel
1010 4405 1126 4472 vitiose
1159 4406 1357 4488 barbaraque
1391 4408 1570 4490 loquentem
1593 4407 1700 4473 induci
1722 4410 1764 4474 ab
1787 4409 1954 4493 Aeschylo.

143 4511 340 4595 quiquidem
363 4511 389 4576 si
410 4527 522 4591 reapse
545 4507 609 4570 tale
631 4505 706 4588 quid
729 4507 945 4588 commisisset,
968 4509 1108 4591 prolecto'
1131 4519 1250 4573 tantum
1284 4508 1417 4574 aluisset
1451 4517 1483 4573 ut
1511 4507 1622 4574 sabula
1643 4529 1700 4576 sua
1723 4513 1839 4596 primas
1860 4510 1957 4574 ferret

143 4615 296 4680 utstatim
330 4613 401 4697 ipso
433 4609 563 4693 prologo
597 4609 732 4674 omnium
768 4609 834 4674 risu
868 4608 1098 4693 exploderetur.
1154 4609 1211 4675 sed
1245 4631 1348 4695 apage
1371 4620 1433 4675 tam
1457 4611 1571 4676 malam
1595 4613 1805 4696 suspicionem
1829 4624 1956 4694 tamque

142 4737 262 4798 gravem
287 4713 533 4780 criminationem
567 4710 608 4774 ab
642 4710 760 4796 optimo
794 4719 890 4795 pcata
922 4731 1106 4795 summoque
1138 4712 1215 4778 artis
1245 4713 1386 4796 tragicae
1409 4715 1556 4780 antistite.
1602 4715 1652 4797 qui
1677 4733 1747 4778 cum
1770 4714 1883 4780 totiens
1906 4733 1957 4778 res

294 4985 322 5054 *)
339 4987 382 5042 ct.
400 4984 524 5052 Lessing.
554 4983 728 5039 Sdmmtliohe
746 4983 857 5037 Werlre.
893 4983 945 5036 vol.
964 4983 1008 5036 XI
1027 5000 1052 5051 p.
1072 4986 1133 5038 691.
1152 4983 1193 5038 ed.
1213 4983 1322 5040 Lacbm.

278 5073 323 5140 **)
341 5073 437 5130 Veluti
455 5072 654 5127 Ortmannus
672 5069 719 5138 qui
740 5069 768 5124 in
795 5085 885 5138 progr.
912 5071 1073 5139 paedagogii
1100 5070 1341 5140 llagdeburgeusis
1359 5089 1383 5127 a
1405 5075 1474 5127 1862
1495 5073 1665 5142 ‚Baitrtge
1688 5089 1745 5128 zur
1763 5070 1880 5128 Kritilr
1898 5071 1962 5126 und

140 5161 330 5231 llrlxltraug
360 5161 415 5216 das
442 5156 672 5227 Agamemnon*
701 5159 733 5213 de
761 5173 841 5212 versu
869 5160 902 5212 12
929 5157 995 5212 haec
1025 5174 1052 5226 p.
1080 5161 1097 5213 2
1125 5157 1203 5213 dicit:
1232 5159 1275 5214 die
1294 5159 1379 5214 Stella
1396 5160 1462 5216 least
1481 5160 1537 5215 sich
1556 5159 1624 5214 auch
1643 5159 1712 5216 ohne
1734 5159 1878 5232 Oorrjeetur
1895 5159 1963 5216 noch

140 5251 270 5318 erklttren,
288 5265 367 5304 vvenn
384 5263 446 5304 maa
464 5263 515 5303 nur
533 5247 582 5304 dar
598 5245 814 5316 gaspreizten
832 5245 895 5300 und
915 5245 1071 5302 coniuaen
1088 5246 1196 5315 Logilr
1213 5246 1286 5302 eines
1305 5247 1448 5302 thchters
1467 5253 1550 5303 etwas
1569 5265 1602 5302 au
1622 5247 1695 5304 Gute
1713 5249 1831 5306 rechnet.
