4576 5834
959 312 1160 407 -e-

117 519 311 586 t'ornrulam
332 522 354 584 4
376 521 416 600 -1-
441 518 470 582 4.
495 497 525 582 8.
548 516 568 580 2
590 545 632 572 =
653 518 683 580 4.
707 515 779 582 82
808 517 844 596 -l-
873 518 893 580 4
920 513 1074 578 revocavi.
1119 532 1180 596 quo
1215 512 1297 577 enim
1331 512 1502 596 simplicior
1534 521 1564 578 et
1599 511 1774 578 evidentior
1806 510 1970 595 discriptio

123 619 320 702 longiorum
344 625 594 704 systematum
619 616 651 680 in
673 615 815 698 singulas
837 613 1017 700 periodos
1049 615 1287 680 articulosre
1321 621 1369 680 ost
1392 616 1440 696 (ut
1460 615 1511 679 hic
1532 622 1672 698 repetam
1697 613 1781 696 quod
1803 609 1880 678 alibi
1904 613 1967 678 dixi
2025 619 2030 632 '

128 722 152 785 l.
179 741 210 786 e.
240 743 269 806 p.
295 725 360 804 17),
384 741 422 786 eo
444 719 584 804 profecto
607 719 678 802 plus
701 715 981 784 commendationis
1004 715 1103 780 omnis
1127 716 1312 800 compositio
1334 716 1520 781 autitlretica
1543 717 1660 781 babere
1683 716 1757 779 milri
1774 715 1906 784 videtur.
1929 738 1969 784 cu

128 824 313 908 prologum
348 833 486 889 nostmm
519 819 637 886 eximia
668 819 734 884 arte
762 819 934 885 secundum
957 819 1107 882 rationem
1131 817 1348 882 autitlreticam
1372 819 1591 901 compositum!
1614 817 1667 901 qui
1690 817 1817 902 quidem
1840 819 1972 886 omniuo

126 924 293 990 XXXVl
316 925 458 990 versibus
480 929 612 988 constat.
657 929 722 986 tres
755 921 836 985 enirn
869 940 978 986 versus
1008 919 1128 985 exordii
1151 924 1180 986 δ.
1204 921 1233 984 6.
1256 923 1275 984 7
1298 926 1459 1000 tamquam
1482 921 1607 1004 spurios
1630 927 1661 986 et
1684 922 1724 985 ab
1747 919 1807 986 hoe
1829 921 1965 1004 simplici

130 1035 174 1092 et
202 1027 315 1092 nativo
337 1024 525 1090 excubitoris
548 1044 692 1088 serurone
715 1022 836 1087 alienus
858 1021 1050 1104 cosdemque
1072 1021 1178 1086 multis
1200 1021 1284 1086 vitiis
1306 1020 1496 1105 depravatos
1519 1042 1646 1105 prorsus
1669 1041 1687 1086 e
1709 1029 1797 1088 textu
1818 1023 1969 1106 expunxi-

134 1147 350 1208 utrumquem
384 1126 594 1190 coniecturam
627 1145 723 1209 snpra
756 1123 860 1208 capite
895 1123 924 1186 ll
950 1143 971 1186 a
991 1122 1084 1189 uobis
1106 1122 1300 1208 propositam
1324 1122 1416 1186 etiam
1440 1122 1665 1206 compositione
1688 1125 1874 1192 antitlretica
1895 1146 1967 1191 con·

141 1229 264 1292 firmari
287 1228 431 1311 impense
453 1228 615 1292 laetamur.
660 1245 743 1291 nune
765 1223 933 1290 dicendum
955 1222 996 1287 de
1019 1244 1048 1287 v.
1072 1226 1113 1288 25
1136 1224 1190 1305 qui
1213 1224 1285 1288 item
1309 1221 1469 1288 adversari
1487 1223 1623 1306 quodam
1638 1227 1732 1291 nrodo
1749 1227 1966 1311 compositioni

141 1328 354 1394 antitlretieae
387 1329 521 1396 videtur.
577 1327 635 1394 sed
668 1327 793 1392 ridetur
825 1335 954 1391 tanturn.
1010 1347 1082 1390 nam
1115 1324 1350 1391 interiectiones
1384 1325 1457 1390 illac
1491 1325 1540 1390 ἰού
1574 1325 1623 1389 tou
1657 1327 1771 1410 quibus
1805 1335 1850 1392 tut
1872 1329 1969 1394 eritioi

137 1437 322 1511 praeeunte
345 1430 524 1494 Hermanno
547 1430 690 1494 fraudem
712 1429 774 1495 sibi
797 1429 863 1492 fieri
886 1427 972 1511 passi
996 1436 1079 1509 sunt,
1112 1448 1170 1492 unc
1197 1427 1265 1491 loco
1289 1447 1345 1492 suo
1367 1426 1543 1492 irrorandac
1566 1435 1598 1492 et
1620 1428 1762 1512 integri
1785 1430 1915 1494 trimetri
1937 1429 1970 1494 ni

137 1531 243 1596 t'allor
265 1531 364 1596 ricem
387 1532 517 1614 implent
539 1531 710 1596 accedente
731 1530 833 1614 ipsius
856 1530 1035 1596 sententiae
1050 1551 1132 1613 quae
1148 1529 1180 1594 iu
1197 1529 1353 1594 eiusmodi
1371 1529 1599 1594 exclamatione
1616 1529 1699 1596 inest
1713 1532 1745 1594 ri
1761 1552 1799 1594 ac
1821 1531 1970 1616 pondere,

139 1631 181 1694 id
205 1631 406 1716 quodetiam
430 1632 560 1698 Weilius
584 1632 753 1697 santissimo
775 1631 891 1696 iudicio
914 1633 1076 1715 perspexit
1098 1632 1200 1695 annal.
1225 1632 1324 1714 pbilol
1351 1631 1557 1704 ¹llleckeiseni
1579 1632 1639 1698 rol.
1664 1633 1832 1696 LXXXIX
1855 1654 1886 1716 p.
1910 1634 1974 1698 292

142 1733 244 1816 paulo
266 1733 439 1817 longiorem
463 1753 595 1817 pausam
617 1741 689 1818 post
710 1733 781 1798 illas
803 1733 1038 1799 interiectioucs
1071 1741 1215 1798 statuens
1248 1753 1310 1815 qua
1336 1734 1500 1798 verborum
1524 1733 1661 1817 inopiam
1685 1736 1853 1816 exaequari
1878 1735 1972 1818 sylla-

144 1835 321 1917 barumque
345 1835 565 1900 detrimentum
589 1835 680 1919 quusi
703 1835 847 1900 resarciri
875 1835 1077 1918 existimate)
1122 1836 1202 1900 baec
1223 1836 1248 1900 si
1272 1843 1356 1899 reete
1381 1834 1548 1919 disputari,
1564 1843 1648 1900 totus
1663 1833 1813 1919 prologus
1828 1835 1971 1900 XXXVI

141 1956 295 2002 versuum
328 1955 491 2001 numerum
525 1946 558 2001 ut
590 1945 664 2002 ante
697 1936 763 2000 dixi
797 1936 1021 2020 ecrrtplactitur.
1066 1938 1119 2021 qui
1153 1935 1279 2019 quidem
1313 1956 1458 2000 vorsumn
1493 1957 1641 2002 numcms
1674 1935 1819 2000 bilariam
1852 1937 1885 2000 in
1908 1936 1975 2002 duo*

141 2037 330 2120 aequabilia
353 2044 564 2122 systemata
585 2037 695 2102 XVlll
728 2058 873 2103 versuum
906 2039 1065 2103 dividitur.
1109 2048 1272 2122 utrumque
1305 2058 1380 2102 vero
1415 2045 1558 2120 systema
1591 2038 1649 2103 bas
1681 2037 1756 2102 item
1786 2037 1971 2120 aequabiles

145 2139 327 2222 periodus
348 2137 430 2218 (sive
452 2139 603 2204 articulos
625 2141 676 2206 rel
698 2140 767 2204 cola
789 2139 895 2206 dicere
918 2142 1031 2222 mavis)
1055 2141 1207 2206 eontinet:
1230 2143 1260 2206 4.
1283 2141 1312 2206 8.
1336 2143 1355 2204 2
1381 2170 1416 2194 =
1443 2144 1473 2206 4.
1497 2144 1525 2205 8.
1550 2145 1578 2205 2.
1602 2139 1664 2204 bue
1679 2138 1801 2204 accedit
1817 2140 1974 2222 utrimque

148 2241 315 2320 quaternio
338 2241 368 2307 lr.
392 2260 418 2306 e.
444 2240 608 2307 exordium
632 2248 778 2322 quattuor
799 2262 947 2307 versuum
970 2252 1002 2306 ct
1025 2243 1165 2307 clausula
1188 2243 1399 2324 quatemaria,
1415 2250 1449 2307 nt
1465 2241 1506 2306 ad
1522 2242 1696 2326 pertentant
1712 2243 1971 2323 aequabilitatem

150 2352 181 2404 et
204 2361 281 2407 rere
304 2343 535 2426 symmetrioam
559 2343 816 2427 oonrpositiunem
840 2344 937 2410 totius
960 2343 1080 2428 prologi
1103 2344 1329 2410 nihilomnino
1352 2345 1466 2411 deesse
1488 2342 1641 2412 uideatur.
1685 2365 1724 2408 ae
1748 2344 1788 2409 de
1811 2352 1974 2410 externa

149 2443 279 2524 quidem
304 2445 537 2528 compositionis
559 2445 764 2510 antithetieae
788 2445 896 2529 specie
920 2446 1080 2510 haetenus.

303 2545 367 2610 lam
391 2547 550 2629 quaeritur
572 2567 647 2612 num
668 2546 853 2611 antitlretica
875 2547 997 2632 prologi
1021 2549 1203 2631 compositio
1227 2549 1321 2614 etiarn
1344 2555 1529 2628 argumento
1552 2547 1685 2632 ipsaque
1708 2547 1885 2612 elocutione
1907 2546 1925 2613 i.
1943 2565 1971 2612 e.

147 2655 179 2710 et
203 2667 306 2712 rerum
329 2655 363 2712 et
384 2649 550 2713 uerborum
573 2649 624 2713 vel
648 2646 854 2712 similitudine
876 2649 924 2712 rel
949 2649 1149 2732 oppositione
1172 2651 1393 2734 comprobetur
1415 2651 1641 2735 responsioque
1664 2657 1727 2712 tam
1750 2647 1920 2732 perspicua
1941 2655 1974 2712 et

147 2757 299 2812 succurata
319 2749 361 2813 sit
383 2759 416 2812 ut
438 2748 584 2815 similiter
606 2761 700 2832 atque
723 2749 754 2813 in
778 2750 913 2833 strophis
938 2761 968 2814 et
989 2749 1194 2834 antistroplris
1217 2751 1410 2816 canticorum
1434 2771 1496 2816 vox
1519 2751 1588 2814 voci
1611 2769 1708 2815 sonus
1732 2769 1810 2814 sono
1834 2771 1973 2834 oppona-

149 2858 202 2911 tur
224 2857 366 2930 totusquc
389 2850 538 2934 prologus
560 2851 686 2916 alternis
719 2851 840 2916 vicilms
872 2851 1083 2934 aequabiliter
1115 2851 1285 2918 decurrens
1314 2853 1355 2916 ad
1379 2852 1523 2918 carminis
1546 2852 1711 2917 amoebaei
1733 2851 1972 2918 similitudinem

152 2968 252 3032 prope
274 2950 411 3016 accedat.
456 2971 494 3015 ac
526 2951 599 3016 talis
632 2952 760 3035 quidem
794 2961 825 3016 ct
856 2953 1072 3036 responsionis
1108 2961 1139 3018 et
1170 2952 1381 3038 oppositionis
1413 2954 1549 3036 vestigia
1582 2961 1644 3018 tam
1667 2954 1837 3019 manifesta
1859 2953 1892 3017 in
1915 2953 1974 3019 λου

149 3050 282 3133 prologo
303 3053 407 3118 insunt
431 3061 462 3117 ut
483 3054 579 3138 paulo
612 3053 763 3119 attentius
798 3054 913 3137 legenti
947 3054 1054 3119 statim
1089 3053 1249 3119 incurrant
1281 3055 1312 3121 in
1342 3056 1450 3123 oculos
1482 3055 1579 3122 ueluti
1602 3056 1692 3121 initio
1715 3076 1753 3120 ao
1776 3055 1836 3119 fine
1860 3053 1973 3140 prioris

146 3154 366 3235 systematis]
392 3153 577 3233 ἀπαλλαγὴν
599 3157 709 3221 πόνων
729 3185 773 3214 ·--
796 3157 837 3223 20
858 3155 1023 3233 ἀπαλλαγὴ
1046 3157 1164 3230 πόνων,
1187 3165 1252 3222 tum
1275 3159 1462 3240 inutraque
1495 3165 1669 3243 systemate
1702 3158 1782 3222 baec
1811 3156 1974 3235 ἀμοιβαῖος

145 3255 190 3320 20
211 3255 326 3330 γένοιτ’
347 3287 390 3313 =
411 3261 452 3323 31
473 3259 605 3332 γένοιτο,
629 3259 732 3340 qualis
756 3259 821 3324 voti
844 3258 1034 3340 nuncupatio
1057 3255 1141 3338 quod
1164 3258 1276 3324 eodem
1304 3259 1466 3340 utriusque
1499 3261 1682 3344 systematis
1705 3279 1798 3324 versu
1820 3257 1973 3323 collocata

148 3363 206 3436 est,
231 3377 310 3422 cave
333 3358 408 3424 illud
430 3379 516 3424 mero
539 3360 622 3424 casui
646 3361 777 3427 tribuas.
821 3371 988 3444 praeterea
1021 3360 1102 3424 baec
1137 3359 1343 3426 similitudine
1366 3360 1503 3444 insignia
1525 3369 1612 3426 suut:
1635 3363 1654 3426 3
1677 3357 1845 3440 Ἀτρειδῶν
1868 3387 1911 3414 --
1933 3361 1973 3424 27

147 3455 388 3537 Ἀγαμέμνονοε,
411 3461 431 3526 8
454 3459 618 3538 λαμπάδα(
642 3491 679 3516 =
704 3464 744 3527 23
768 3462 913 3540 λαμπτὴρ
937 3471 968 3526 et
991 3464 1032 3527 28
1054 3461 1199 3539 λαμπάδι,
1223 3465 1243 3528 9
1265 3463 1300 3526 ἐκ
1320 3462 1436 3540 Τροία(
1462 3489 1499 3519 =
1522 3463 1563 3528 29
1585 3460 1674 3526 Ἰλίου
1689 3462 1790 3536 πόλιτ,
1811 3462 1849 3528 10
1863 3461 1974 3525 ἁλώτι-

143 3579 208 3638 μον
230 3589 274 3616 =
295 3559 506 3634 30·lubun<su,
532 3565 568 3627 ll
591 3562 740 3638 γυναικόε
761 3592 802 3618 =
825 3563 865 3626 26
888 3563 1016 3636 γυναικί,
1049 3566 1071 3630 4
1103 3565 1264 3642 νυκτέρων
1290 3571 1322 3629 et
1357 3566 1395 3629 12
1428 3563 1698 3640 νυκτίπλαγκτον
1720 3595 1761 3620 =
1788 3567 1828 3630 22
1850 3562 1973 3635 νυκτόε,

144 3665 185 3727 13
209 3661 307 3740 εὐνήν
328 3690 371 3718 =
393 3667 434 3728 27
456 3663 559 3740 εὐνῆε,
585 3665 624 3729 15
646 3667 815 3743 ευμβαλεῑν
838 3693 877 3720 =
900 3665 941 3730 33
965 3664 1129 3744 βαλούεηε,
1156 3667 1194 3732 18
1216 3664 1305 3730 οἴκου
1329 3695 1369 3722 =
1396 3665 1672 3732 aestuaverat
1695 3665 1793 3738 οἷκοε,
1817 3667 1855 3732 21
1881 3665 1972 3740 εὐαγ-

142 3764 245 3838 γέλου
267 3791 309 3820 =
329 3766 372 3831 30
396 3764 558 3841 ἀγγέλλων
581 3775 612 3831 et
634 3784 717 3846 quac
739 3772 812 3831 sunt
835 3765 945 3833 horum
968 3765 1093 3831 similia.
1137 3765 1221 3831 adde
1244 3787 1375 3851 quorum
1396 3767 1491 3851 paulo
1525 3767 1686 3833 obscurior
1712 3766 1874 3852 responsio
1897 3773 1931 3830 ut
1953 3767 1973 3830 2

143 3869 297 3946 φρουρᾶτ
319 3895 360 3922 =
382 3867 423 3932 33
446 3867 657 3946 φρυκτωρίαε,
691 3868 711 3930 9
745 3867 847 3945 αὐγήν
880 3897 919 3924 =
953 3869 994 3932 21
1027 3867 1120 3946 udos,
1157 3871 1195 3932 15
1229 3869 1363 3950 βεβαία(
1387 3897 1424 3924 =
1450 3870 1491 3936 26
1512 3871 1625 3947 ταρῶτ,
1649 3870 1692 3935 20
1713 3869 1855 3947 εὐτυχής
1878 3875 1909 3933 et
1932 3870 1971 3934 21

144 3967 331 4041 εὐαγγέλου
354 3995 398 4023 ==
419 3971 459 4034 28
483 3968 706 4046 εὐφημοῦντα,
729 3969 771 4034 32
794 3968 833 4034 εὖ
856 3970 995 4035 πετόντα
1027 3977 1059 4034 et
1091 3970 1132 4034 31
1165 3971 1298 4049 εὐφιλῆ.
1342 3970 1405 4036 huc
1427 3977 1572 4054 spectant
1595 3970 1689 4035 etiam
1711 3969 1830 4036 similes
1852 3969 1973 4035 sonnac

146 4067 304 4151 quaedam
327 4075 359 4134 et
380 4069 613 4136 terminationes
635 4078 670 4134 ut
691 4068 928 4154 participiorum
949 4069 1172 4136 infinitirorunr
1195 4091 1334 4154 ususque
1355 4072 1551 4156 pronominis
1569 4070 1806 4138 demonstrativi
1826 4077 1840 4137 1
1859 4074 1970 4145 τῶνδε,

151 4171 189 4234 12
209 4170 305 4246 τήνδε
328 4169 516 4251 (secundum
549 4181 686 4235 nostram
720 4170 931 4237 coniecturam
964 4170 1004 4235 αὐ
1038 4173 1149 4250 τήνδε
1177 4193 1233 4258 pro
1257 4173 1406 4240 librorum
1429 4175 1585 4257 scriptura
1611 4171 1673 4238 εὖτ’
1698 4175 1737 4238 ἂν
1759 4174 1818 4256 δέ),
1843 4177 1882 4239 17
1905 4169 1974 4238 τόδ’

150 4279 183 4336 et
205 4273 243 4338 18
264 4274 367 4342 τοῦδε,
391 4271 505 4354 quibus
527 4270 604 4337 loeis
627 4271 818 4355 respondere
840 4272 965 4339 mdetnr
987 4273 1070 4338 idem
1095 4293 1267 4356 pronomen
1290 4275 1322 4340 in
1345 4275 1544 4360 antistropha
1567 4275 1722 4362 (20-36)
1744 4275 1821 4342 item
1836 4282 1975 4360 quater

148 4381 333 4457 usurpatum
357 4374 398 4438 25
420 4375 522 4449 τῆτδε,
545 4373 586 4438 28
608 4377 692 4455 τῇδε,
715 4375 757 4440 33
778 4379 872 4452 τῆεδε
895 4381 926 4440 et
948 4376 989 4442 3ο
1008 4379 1092 4458 τῇδε.

300 4473 471 4556 Reliquum
495 4481 544 4540 est
566 4481 599 4538 ut
622 4473 662 4539 de
684 4473 723 4540 iis
745 4475 823 4542 locis
845 4475 970 4542 dicatur
991 4477 1044 4560 qui
1069 4484 1101 4540 et
1115 4496 1218 4543 rerum
1235 4485 1267 4544 et
1281 4478 1451 4543 uerborum
1467 4477 1666 4562 oppositione
1680 4479 1818 4546 maxime
1831 4481 1973 4565 insigues

148 4583 223 4641 sunt
245 4574 358 4658 quales
380 4575 502 4659 plurimi
526 4581 652 4641 exstant
672 4575 703 4640 in
726 4577 787 4643 hoc
807 4577 948 4664 prologo,
972 4578 1062 4644 cuius
1084 4589 1304 4662 argumentum
1327 4579 1421 4662 quale
1444 4597 1540 4664 supra
1555 4579 1776 4664 proposuimus
1792 4587 1972 4648 enarratum

146 4675 221 4742 illud
246 4697 268 4742 a
289 4676 414 4758 Weilio,
437 4675 564 4742 omnino
586 4675 619 4741 in
643 4677 808 4744 contrariis
830 4685 862 4744 et
885 4680 1031 4746 tristitiae
1059 4688 1091 4746 et
1118 4680 1259 4748 laetitias
1281 4681 1428 4748 sensibus
1452 4680 1647 4748 excubitoris
1669 4680 1882 4767 exprimendis
1904 4701 1973 4748 ver·

145 4779 233 4844 satur
254 4777 393 4862 ideoque
416 4785 515 4844 toturn
537 4785 570 4842 ut
593 4767 639 4842 ita
661 4777 763 4844 dicam
785 4781 1002 4847 antitbetieum
1026 4789 1084 4848 est.
1128 4781 1200 4847 binc
1232 4791 1321 4867 patet
1352 4802 1446 4866 quam
1478 4783 1654 4868 probabilis
1688 4783 1810 4866 artique
1832 4782 1893 4849 nisi
1915 4782 1972 4850 lal-

317 5065 343 5135 a)
363 5067 435 5124 Vide
454 5068 536 5124 etium
555 5067 671 5124 eiusdem
689 5067 784 5124 Weilii
801 5071 885 5138 praet.
905 5069 938 5125 ad
966 5070 1135 5139 (tboephoros
1162 5089 1186 5141 p.
1215 5073 1266 5143 VI,
1293 5072 1340 5128 ubi
1366 5071 1433 5128 haee
1459 5075 1536 5130 dicit:
1563 5075 1671 5144 ,passini
1698 5073 1818 5128 versibus
1844 5057 1975 5132 tumstn's

144 5159 346 5212 interseruntur
364 5155 499 5212 breviores
518 5155 624 5224 quidem
642 5157 747 5213 ordines
767 5159 858 5225 quales
881 5167 946 5213 sont
969 5158 1167 5216 interiectiones
1185 5165 1243 5236 φεῦ,
1265 5162 1308 5222 ἰαῦ
1329 5160 1475 5230 tos,s1ise
1512 5163 1539 5218 hi
1567 5163 1599 5218 ad
1627 5163 1758 5218 udonem
1786 5163 1972 5220 antithetiesm

143 5245 307 5300 tantundem
326 5245 418 5300 velem
436 5251 565 5312 quantum
584 5245 699 5301 ministri
717 5245 817 5316 integri
836 5246 967 5315 uniusque
984 5263 1077 5303 versus
1095 5248 1184 5304 locum
1203 5245 1342 5304 obtinent*

1788 5354 1820 5408 2⁸
