4576 5834
1149 293 1170 357 6

399 489 447 556 Αο
468 491 563 556 talem
587 489 715 575 quidem
748 497 877 576 textum,
911 492 1056 576 quamvis
1088 491 1257 560 manilesto
1291 491 1548 578 corruptissimus
1581 493 1623 560 sit
1645 492 1692 576 (id
1714 491 1799 577 quod
1821 498 1935 578 postea
1955 491 2072 577 opinor

246 589 393 656 omnibus
415 592 596 677 apparebit)
617 591 724 658 mirari
756 613 834 659 sane
868 594 954 660 subit
984 615 1043 679 per
1075 593 1149 660 tria
1181 593 1311 661 saecula
1343 601 1376 659 et
1408 593 1493 678 quod
1526 601 1672 681 superest
1694 613 1793 679 prope
1815 593 2011 660 immutatum
2034 593 2068 658 in

247 689 463 776 compluribus
484 693 715 780 exemplaribus
738 695 909 779 propagari
931 697 1082 780 potuisse.
1107 696 1204 762 veluti
1232 696 1467 762 recentissimae
1489 695 1644 762 editiones
1664 695 1835 778 Heosdiir)
1858 702 1891 760 ct
1911 695 2067 778 Paleiifll)

248 792 382 858 eundem
405 792 493 859 illum
515 801 634 860 textum
657 796 813 879 praebent
834 803 929 880 alque
951 797 1047 865 editio
1070 797 1252 864 Victoriana
1278 797 1346 864 sive
1371 796 1662 883 Stephanianaffl)
1689 803 1778 862 tauto
1800 795 1951 881 temporis
1972 796 2068 862 inter-

246 894 332 961 vallo
353 916 374 961 a
395 902 503 961 nostra
536 896 688 961 memoria
721 895 843 964 distans
879 898 1008 984 (prodiit
1041 899 1124 966 enim
1157 920 1187 965 a.
1223 899 1331 986 1557),
1363 899 1425 966 nisi
1458 898 1543 984 quod
1575 898 1690 965 Petrus
1721 895 1930 965 Victorinsv.
1956 901 2066 966 10.11

246 996 433 1082 scripturam
455 997 530 1062 hldi
551 997 756 1082 Turnebique
779 1003 906 1077 κρατεῖν
927 1038 969 1050 —-
991 1000 1108 1068 ἐλπίζω
1141 1001 1263 1068 duobus
1297 1000 1457 1069 asteriscis
1485 999 1641 1085 appositis
1664 1007 1773 1066 contra
1794 998 2013 1096 Robortellum
2036 1009 2068 1064 et

247 1098 374 1166 codices
396 1097 449 1182 qui
470 1102 644 1178 κροτεῖ-
665 1099 791 1165 ἐλπίζον
812 1099 939 1184 habent,
962 1102 1069 1168 nescio
1091 1121 1154 1184 quo
1175 1109 1270 1186 pecto
1293 1109 1421 1168 secutus
1444 1109 1493 1168 est
1514 1111 1546 1168 et
1567 1122 1597 1168 v.
1621 1102 1662 1167 26
1690 1105 1818 1180 <quassit
1841 1100 1967 1186 scripsit
1982 1099 2067 1183 quod

245 1208 394 1286 quattuor
415 1200 488 1265 libri
510 1199 596 1266 Flos.
618 1199 711 1266 Fam.
735 1201 815 1270 Ven.
836 1203 923 1268 Bsss.
958 1223 1015 1288 pro
1053 1203 1193 1282 ιημοίνω
1226 1203 1390 1290 praebent.
1434 1203 1496 1268 iam
1518 1202 1592 1270 vide
1614 1202 1747 1269 aliorum
1768 1201 1966 1286 quorundam
2000 1202 2067 1268 edi-

244 1312 347 1370 torum
369 1302 558 1388 perexiguas
581 1301 727 1386 vulgatae
761 1304 937 1389 scripturae
969 1305 1158 1370 mutationes
1191 1312 1225 1369 ut
1258 1303 1418 1370 Schuetzii
1452 1302 1582 1388 (prodiit
1604 1303 1674 1370 eius
1695 1303 1791 1370 editio
1815 1303 1916 1370 Halae
1937 1303 2014 1372 Sar.
2037 1325 2068 1370 a.

247 1409 342 1488 1811)
365 1403 419 1488 qni
442 1424 471 1470 v.
494 1406 514 1470 2
537 1404 789 1470 infelicissimam
819 1405 1022 1471 Valckenarii
1055 1405 1268 1472 coniecturam
1301 1409 1400 1486 μῆχος
1434 1426 1491 1493 pro
1533 1405 1704 1474 sanissima
1731 1406 1881 1474 librorum
1911 1403 2069 1491 scriptura

244 1513 343 1588 μῆκος
366 1505 516 1591 reposuit,
538 1528 568 1572 v.
591 1509 611 1572 7
631 1513 793 1589 tamquam
825 1504 1047 1592 interpolatum
1082 1507 1170 1574 uncis
1204 1507 1332 1574 inclusit
1355 1515 1386 1574 et
1407 1527 1437 1576 v.
1462 1508 1510 1576 10.
1537 1511 1585 1575 11.
1609 1510 1650 1574 26
1672 1506 1871 1574 Victorianus
1893 1505 2068 1591 scripturas

244 1630 323 1693 quas
346 1607 439 1673 modo
461 1608 705 1674 commemoravi
727 1609 891 1694 amplexus
914 1617 973 1691 est,
1002 1607 1356 1696 velsslomlieldiiffl)
1378 1609 1487 1692 quiin
1510 1630 1539 1676 v.
1560 1612 1591 1676 2.
1614 1612 1644 1678 7.
1669 1611 1717 1676 10.
1743 1611 1780 1675 11
1805 1607 1951 1674 similiter
1971 1601 2067 1690 atque

244 1709 432 1776 Schuetzius
465 1717 609 1776 versatus
642 1731 671 1776 v.
705 1712 747 1776 26
779 1709 965 1793 scripturam
1003 1711 1143 1790 ιημαίνω
1168 1720 1199 1775 et
1220 1733 1248 1778 v.
1275 1711 1314 1776 14
1336 1731 1393 1797 pro
1415 1710 1566 1777 librorum
1588 1711 1747 1796 scriptura
1768 1711 1855 1789 ἐμήν
1878 1707 1984 1789 φόβοι
2005 1707 2066 1788 γάρ

245 1811 340 1898 paulo
373 1810 574 1878 audaciorem
607 1811 718 1876 Aurati
751 1810 965 1878 coniecturam
998 1813 1066 1891 ἐμοὶ
1101 1812 1206 1892 φόβοι
1239 1809 1305 1876 τότ’
1336 1811 1489 1878 imitando
1524 1813 1704 1898 exprimens
1732 1812 1803 1891 ἐμοὶ
1824 1810 1930 1892 φόβοι
1951 1809 2011 1889 γάρ
2034 1810 2066 1875 in

243 1921 364 1979 textum
385 1914 514 1996 recepit.
558 1920 624 1977 tum
647 1931 722 1977 vero
745 1920 854 1980 secuta
887 1921 935 1982 est
967 1936 997 1983 a.
1034 1915 1116 1982 1824
1151 1912 1246 1980 editio
1269 1913 1442 1980 Wellaueri
1464 1914 1517 1996 qui
1540 1933 1622 1998 quae
1644 1913 1700 1979 tuit
1720 1913 1755 1980 iu
1778 1933 1815 1979 eo
1838 1912 1916 1980 artis
1938 1911 2066 1979 criticae

242 2013 438 2081 incredibilis
471 2013 675 2098 neglegentia
708 2024 740 2078 et
772 2013 879 2094 ἀφυῖοι,
915 2037 955 2082 πο
990 2025 1204 2083 transuersum
1237 2015 1366 2100 quidem
1399 2037 1535 2100 unguem
1569 2024 1604 2082 ut
1636 2015 1725 2080 aiunt
1751 2014 1922 2098 avukato
1943 2012 2067 2100 prologi

241 2123 333 2180 textu
355 2113 502 2208 discessit
523 2114 668 2199 adeoque
689 2113 932 2182 insulsissimum
956 2126 988 2182 et
1010 2117 1211 2185 durissimum
1233 2137 1360 2184 versum
1377 2117 1546 2201 7patienti
1561 2117 1723 2185 stomacho
1753 2115 1907 2183 concoxit.
1931 2113 2067 2181 eundem

242 2215 452 2282 tenetentum
476 2215 517 2296 (si
539 2216 668 2297 quidem
689 2217 789 2284 solum
811 2218 976 2303 prologum
1000 2221 1194 2303 spectamus)
1218 2219 1313 2284 etiam
1335 2217 1459 2284 lhanzii
1482 2218 1581 2286 editio
1604 2221 1715 2304 (1846)
1738 2218 1876 2300 retinuit,
1898 2215 1959 2282 nisi
1982 2214 2068 2299 qnod

243 2339 272 2383 v.
296 2319 317 2385 3
338 2318 493 2384 ἀνέκαθεν
525 2338 583 2404 pro
616 2317 752 2395 ἄγκαθεν
784 2321 927 2405 praebet.
983 2319 1059 2403 quid
1094 2321 1214 2386 multa?
1241 2337 1288 2386 ‘ne
1323 2319 1523 2386 Hermannus
1557 2320 1684 2402 quidem
1718 2327 1751 2386 et
1773 2319 1825 2404 qni
1847 2325 1920 2403 post
1940 2339 2013 2386 cum
2034 2317 2068 2382 in

243 2422 480 2504 Agamemnone
512 2419 694 2503 Aeschylea
725 2421 844 2486 versati
878 2429 952 2488 sunt
986 2429 1019 2487 ut
1051 2422 1227 2488 Karstenus
1251 2419 1316 2506 (ed.
1339 2443 1368 2487 a.
1393 2420 1491 2508 1855)
1514 2420 1776 2488 Schneidewinus
1799 2421 1910 2504 (1856)
1933 2419 2068 2486 Weilius

243 2519 354 2604 (1858)
378 2520 523 2604 Engerus
546 2519 655 2604 (1863)
678 2521 860 2590 Dindorfius
883 2524 997 2606 (1865)
1019 2523 1073 2588 alii
1095 2523 1160 2590 ullo
1183 2522 1277 2590 modo
1309 2545 1376 2591 rem
1408 2522 1584 2589 absolvisse
1606 2521 1759 2590 censendi
1781 2531 1862 2588 sunt.
1907 2543 1947 2588 en
1968 2522 2068 2588 habes

242 2622 381 2705 potiores
403 2621 513 2687 horum
538 2641 662 2706 quoque
685 2622 862 2690 criticmum
886 2631 1029 2690 conatus.
1073 2645 1112 2689 ac
1144 2624 1277 2709 primum
1311 2624 1440 2708 quidem
1469 2622 1539 2708 ipse
1574 2623 1773 2690 Hermanuns
1805 2644 1836 2690 v.
1871 2623 1911 2689 14
1943 2623 2068 2703 τ1μήν;

242 2743 300 2809 pro
323 2723 409 2802 ἐμήν·
432 2721 569 2808 scripsit,
592 2743 621 2790 v.
643 2724 737 2790 251.
761 2744 789 2790 e.
812 2725 1045 2792 interiectiones
1079 2724 1129 2790 loir
1152 2726 1202 2791 ἰοῦ
1225 2735 1299 2794 ante
1320 2749 1350 2792 v.
1373 2728 1414 2792 22
1436 2723 1568 2792 inseruit
1590 2732 1622 2790 et
1644 2745 1673 2792 v.
1697 2726 1739 2792 26
1766 2727 1895 2804 aquandi
1918 2721 2066 2808 reposuit.

242 2825 421 2891 Karstenns
444 2824 628 2909 operosiora
659 2825 786 2892 molitus
822 2847 850 2890 v.
888 2829 902 2890 1
938 2835 1055 2911 puncto
1089 2833 1161 2910 post
1194 2847 1305 2896 vocem
1334 2828 1445 2894 πόνων
1468 2827 1573 2912 posito
1595 2847 1626 2891 v.
1650 2829 1669 2892 2
1692 2826 1926 2904 ἐγκοιμώμενοι
1949 2845 2006 2910 pro
2027 2824 2067 2901 ἣν

245 2927 440 3006 κοιμώμενοι
461 2925 596 3010 scripsit,
618 2946 648 2992 y.
673 2928 690 2992 1
714 2927 841 2994 οιιιιιίιιο
874 2947 892 2992 c
925 2936 1013 2996 textu
1047 2929 1208 3012 expunxit,
1230 2951 1260 2996 v.
1287 2934 1399 2998 10.11
1434 2931 1562 3008 κρατεῖν
1582 2965 1626 2978 -
1647 2928 1763 2994 ἐλπίζει
1798 2928 1941 3011 coniecit,
1963 2948 1993 2991 v.
2020 2927 2067 2992 13.

248 3032 287 3094 14
309 3027 388 3106 ἐμήν
408 3063 452 3076 -
472 3027 569 3106 εὐνήν
601 3047 696 3094 voces
729 3030 930 3114 permutavit,
965 3051 993 3094 v.
1030 3030 1069 3097 15
1095 3030 1132 3094 τὸ
1160 3032 1217 3110 μέν
1238 3069 1281 3082 -
1302 3033 1387 3098 ὀκνῶ
1410 3052 1467 3116 pro
1488 3034 1527 3097 τὸ
1551 3031 1591 3111 μή
1614 3029 1768 3114 -ὕπνῳ
1792 3037 1986 3096 commentus
2009 3035 2065 3108 est,

245 3153 275 3198 v.
298 3132 339 3196 82
363 3127 399 3194 εὖ
433 3125 559 3194 πεεόνι’
590 3127 765 3209 deprimunt
797 3151 855 3216 pro
888 3131 924 3197 εὖ
955 3131 1094 3196 necdum
1126 3134 1261 3212 θήιομαι
1294 3133 1477 3200 dubitanter
1509 3131 1741 3198 commendavit
1774 3150 1878 3213 neque
1907 3130 2067 3198 tamenin

245 3240 366 3298 textum
388 3230 516 3316 recepit.
561 3229 826 3300 Schneidewinus
855 3253 948 3319 porro
981 3254 1011 3298 v.
1046 3235 1066 3299 3
1104 3235 1214 3314 ιτέγηι
1247 3256 1304 3320 pro
1337 3235 1489 3301 librorum
1522 3235 1678 3320 scriptura
1716 3233 1838 3308 ιιέγαιι
1860 3231 2066 3324 excogitavit,

244 3356 274 3400 ν.
300 3336 339 3400 14
360 3330 533 3399 secundum
566 3331 780 3400 Hennannum
811 3333 842 3399 ri
874 3337 947 3414 μήν;
981 3341 1013 3401 et
1045 3355 1076 3404 v,
1109 3339 1150 3404 26
1188 3340 1316 3416 εημανῶ
1351 3355 1421 3402 cum
1455 3334 1567 3402 eodem
1600 3335 1780 3401 Hermanno
1813 3331 2066 3418 scripsit.”***)

244 3435 377 3501 Weilius
399 3453 429 3499 y.
453 3434 472 3499 3
495 3433 605 3510 ιτέγηι
636 3452 706 3498 cum
739 3434 983 3504 Schneidewino
1017 3440 1166 3524 reposuit,
1201 3438 1241 3503 dc
1274 3459 1304 3506 v.
1337 3442 1357 3505 7
1390 3435 1484 3502 valde
1513 3435 1669 3504 fluctuans
1692 3435 1828 3520 primum
1856 3437 1988 3514 δυεμαῑ(
2010 3453 2068 3518 pro

243 3536 377 3616 ἀιτέραι
404 3535 436 3599 in
458 3541 579 3599 textum
602 3535 731 3620 recepit,
754 3544 822 3602 tum
844 3538 979 3605 eundem
1001 3561 1127 3607 versum
1146 3539 1379 3624 ,abhorrentem
1394 3559 1415 3604 a
1429 3538 1591 3606 concionis
1605 3537 1847 3624 principumque
1862 3534 2068 3602 translatione

243 3690 444 3701 ...-——-—

403 3806 430 3872 *)
448 3806 606 3876 Aeschyli
623 3808 850 3876 Agamemnon.
874 3828 905 3868 ea
925 3811 976 3868 lide
994 3811 1113 3868 codicum
1132 3809 1225 3880 edidit,
1243 3811 1345 3868 scholia
1362 3809 1485 3879 subiecit,
1498 3809 1687 3865 commentario
1705 3809 1835 3867 iustruxit
1856 3809 1880 3866 1.
1900 3809 1936 3865 A.
1957 3809 1988 3866 0.
2006 3825 2070 3865 van

242 3897 384 3953 Heusde.
420 3895 520 3964 Hegea
537 3895 658 3951 Comitis.
677 3897 755 3952 1864.

384 3982 429 4052 “l
447 3984 514 4040 The
532 3983 702 4054 tragedias
721 3985 756 4039 ol
770 3983 963 4054 Aeschylus.
986 3987 1125 4044 reedited.
1147 3988 1215 4044 with
1227 4005 1262 4044 en
1274 3987 1379 4057 euglbh
1393 3991 1582 4054 commentary.
1603 3984 1643 4054 by
1655 3985 1686 4040 F.
1697 3984 1732 4041 A.
1746 3984 1855 4053 Paley.
1869 3983 1943 4040 third
1961 3983 2071 4040 edition.

243 4073 363 4129 Ιιοιιιίοιι
402 4076 480 4130 1810.
1685 4091 1690 4105 ·

366 4160 425 4228 ***)
444 4162 522 4218 Haec
550 4168 592 4218 est
619 4176 673 4216 una
700 4177 734 4216 er
761 4167 888 4228 quattuor
915 4161 1077 4218 editionibus
1103 4163 1267 4232 principibus
1289 4160 1419 4230 Aeschyli
1436 4166 1467 4215 et
1485 4159 1592 4228 quidem
1609 4158 1850 4229 praestantissima.
1887 4159 1994 4229 integer
2012 4157 2072 4214 eius

244 4250 339 4306 11111111
357 4264 455 4318 8116111
473 4255 503 4305 ei
519 4249 604 4306 latine
622 4247 662 4304 1111
683 4248 777 4305 habat:
796 4247 930 4321 Αἰσχύλον
951 4253 1103 4329 rpuyrqrdr'ur
1118 4256 1139 4320 ζ,
1153 4248 1316 4329 Προμηθεὺς
1329 4247 1468 4324 δεσμώτης,
1478 4245 1570 4307 Ἐπτὰ
1584 4249 1626 4308 1πῖ
1645 4244 2072 4326 θήθπις.111’φπαι,’.4γαμι’,ιινοιν,

243 4335 387 4416 Χοηφόροι,
419 4333 564 4410 stipatore
593 4335 719 4404 Ἴκιίιῦες.
749 4333 845 4410 Σχόλια
868 4333 971 4403 εἰςτὰς
994 4333 1077 4403 adadu
1098 4337 1250 4414 rpuyqrdloc.
1295 4333 1457 4402 Aeschyli
1483 4333 1679 4402 tragoediae
1696 4332 1773 4389 VII.
1793 4348 1861 4400 quae
1890 4349 1951 4388 curu
1980 4347 2072 4387 omues

244 4423 328 4478 multo
347 4439 426 4491 quam
444 4433 527 4477 antea
544 4421 733 4490 castigatiores
752 4423 867 4478 eduntur
886 4426 943 4475 tum
962 4437 1026 4477 vero
1045 4437 1100 4476 una
1118 4436 1186 4489 quae
1204 4420 1300 4477 mutila
1319 4427 1348 4477 et
1366 4421 1507 4477 decurtata
1534 4420 1608 4490 prius
1627 4426 1695 4488 erat,
1714 4420 1822 4489 integra
1838 4435 1910 4476 nuuc
1927 4419 2073 4489 protertur.

242 4510 378 4566 Scholia
395 4510 425 4565 in
443 4509 550 4564 easdem
573 4510 695 4578 plurimis
726 4511 754 4568 in
783 4511 850 4566 locis
879 4509 1046 4578 locupletata
1075 4516 1104 4565 et
1133 4510 1161 4564 in
1190 4525 1276 4579 paene
1305 4508 1419 4565 infinitis
1449 4509 1599 4565 emendata.
1645 4507 1740 4564 Petri
1766 4507 1917 4564 Victorii
1944 4523 2021 4563 cura
2039 4513 2074 4562 st

243 4598 435 4667 diligentia.
472 4614 506 4654 ex
523 4598 632 4653 officina
649 4599 791 4656 Hearici
809 4597 981 4667 Stephani.
1018 4596 1169 4652 MDLVII.

348 4684 423 4754 ****)
442 4685 520 4743 Haec
538 4686 621 4743 editio
639 4687 740 4756 prodiit
759 4687 886 4743 Cmtebr.
905 4703 930 4740 a.
951 4686 1028 4752 1818,
1046 4685 1126 4754 paulo
1146 4691 1208 4755 post
1225 4687 1313 4742 altera
1331 4685 1397 4742 edit.
1416 4683 1522 4741 auctior
1538 4683 1648 4752 Lipsiae
1666 4701 1691 4740 a.
1710 4686 1787 4740 1823.

332 4773 427 4842 *****)
445 4774 627 4831 Vehementer
654 4774 828 4845 improbanda
858 4781 900 4832 est
927 4773 1015 4843 opinio
1043 4773 1161 4830 eiusdem
1189 4774 1386 4831 Schneidewlni
1412 4773 1466 4831 viri
1488 4770 1625 4840 ceteroqui
1643 4770 1852 4840 ingeniosissimi
1871 4773 1917 4841 qui
1935 4771 2077 4839 Aeschylo

242 4864 391 4938 ἠθοποιΐας
408 4869 440 4918 m
458 4879 539 4933 supra
556 4863 672 4919 diximum
689 4862 851 4932 peritissimo
870 4879 981 4932 marem
1008 4862 1135 4918 iniuriam
1156 4863 1223 4919 lecit
1241 4878 1301 4918 cum
1320 4862 1501 4920 excubitorem
1518 4861 1595 4917 illurn
1612 4861 1786 4918 contenderet
1803 4859 1893 4916 induci
1912 4877 1929 4915 a
1946 4864 2027 4930 poeta
2044 4858 2076 4914 in

242 4950 353 5020 prologo
371 4951 471 5007 mistice
490 4969 583 5022 aspere
600 4951 708 5007 horride
727 4952 838 5007 obscure
866 4952 931 5008 dure
959 4957 1080 5008 contorte
1112 4951 1224 5008 ridicule
1252 4957 1280 5006 et
1306 4952 1366 5009 fuse
1392 4951 1554 5020 loquentem.
1590 4949 1653 5006 ride
1681 4947 1738 5005 eius
1765 4949 1826 5004 adn.
1850 4953 1878 5004 et
1896 4947 2008 5018 append.
2027 4947 2075 5003 nbi

242 5038 311 5095 talia
329 5037 451 5108 epitheta
469 5047 563 5096 contra
580 5041 679 5096 bonum
696 5040 884 5096 homunculum
904 5041 1086 5097 cumulantur:
1107 5040 1186 5110 broit,
1198 5038 1288 5110 kraus,
1301 5040 1437 5109 wituelud,
1454 5039 1598 5095 rornehme
1610 5036 1871 5105 Mysteriensprache
1888 5033 2073 5105 [gebeimuire
2119 5079 2130 5100 .

243 5127 299 5182 roll
317 5127 475 5195 mysteritse
501 5127 604 5198 Rede]‚
631 5129 705 5199 derb,
732 5129 869 5186 komische
896 5129 1033 5198 sarburg,
1059 5128 1204 5198 urgelenh,
1227 5129 1415 5198 umettndlieh,
1434 5124 1627 5193 schuerltllig.
1662 5129 1692 5179 at
1708 5123 1803 5178 horum
1821 5123 1888 5178 nihil
1904 5123 1962 5179 lere
1980 5137 2076 5179 varum

244 5232 302 5272 esse
320 5215 401 5272 facile
419 5215 608 5288 intellegemus
627 5218 736 5275 remotis
754 5217 860 5274 sufficet
878 5233 893 5274 e
910 5223 990 5274 textu
1006 5217 1175 5273 librariorum
1195 5217 1327 5274 erroribus
1346 5225 1374 5274 et
1392 5213 1557 5274 commentis
