4576 5834
1175 279 1196 344 4

271 481 453 547 memoriam
475 500 514 545 ac
535 487 661 545 mutuas
684 479 827 546 codicum
862 481 1000 546 rationes
1033 481 1275 566 diligentissime
1297 489 1329 548 et
1351 483 1588 550 accuratissime
1611 483 1806 566 inquirentes
1828 503 1953 548 manum
1976 491 2093 570 poetae

272 589 319 649 tot
341 582 537 648 saeculorum
570 581 705 648 decursu
739 581 937 648 obscuratam
972 591 1004 649 et
1037 583 1201 668 multiplici
1234 583 1380 650 vitiorum
1414 603 1531 668 genere
1561 584 1765 671 depravatam
1789 585 1893 652 denuo
1916 585 2091 652 instaurare

272 692 367 768 atque
388 681 523 768 pristino
545 682 639 749 nitori
661 703 717 748 suo
740 682 905 748 restituere
927 685 1031 749 conati
1055 685 1150 750 sunt?
1172 686 1205 750 iu
1227 693 1372 771 promptu
1392 694 1466 752 sunt
1489 705 1559 750 cum
1581 687 1747 752 multorum
1771 687 1949 751 criticorum
1965 689 2093 754 nomina

271 795 336 851 tum
359 785 603 868 Schoemanui*)
625 785 794 867 Engerffl)
819 791 849 848 et
871 784 1105 853 duumviratum
1120 786 1297 873 Weiliiffl)
1313 796 1345 852 et
1360 787 1568 871 Keckii**”)
1585 788 1625 853 de
1641 785 1841 854 emendanda
1855 789 2091 870 Agamemnone

271 887 454 972 Aeschylea
487 885 605 971 optime
637 885 828 951 meritorum.

422 987 490 1052 Iam
516 1007 591 1053 vero
613 1007 685 1052 cnm
711 993 758 1052 tot
779 987 936 1071 tantisque
961 987 1080 1054 criticis
1102 988 1135 1054 iu
1159 989 1357 1055 emendando
1391 988 1548 1074 Aeschylo
1582 996 1763 1054 concertare
1797 1009 1968 1072 eorumque
2000 991 2092 1072 quasi

272 1090 450 1170 ἀντίτεχνοι
483 1091 530 1172 (ιιι
563 1088 834 1171 ΡΙιιιοιιίιο’““*)
869 1089 1025 1156 vocabulo
1055 1094 1137 1174 utar)
1171 1090 1239 1155 fieri
1273 1091 1378 1172 nolim,
1403 1089 1487 1173 quod
1510 1087 1635 1174 quidem
1658 1089 1874 1156 difficillimum
1898 1110 1970 1156 esse
1992 1091 2091 1176 probe

269 1193 344 1259 scio.
389 1197 528 1255 attamen
550 1189 699 1271 quoniam
721 1189 919 1255 admirabilis
942 1190 997 1254 illa
1019 1191 1266 1276 Agamemnonis
1286 1191 1485 1276 Aeschyleae
1508 1190 1707 1275 pulchritudo
1730 1200 1763 1257 et
1785 1193 1981 1279 praestantia
1996 1213 2091 1276 quam

272 1313 368 1377 snpra
390 1291 456 1357 dixi
478 1291 586 1356 nescio
608 1309 670 1374 qno
692 1299 785 1374 pacto
808 1291 945 1356 animum
979 1292 1075 1357 allicit
1105 1315 1143 1359 ac
1175 1301 1270 1376 tenet,
1298 1313 1430 1378 parvum
1454 1293 1561 1374 utique
1583 1293 1744 1376 specimen
1767 1301 1800 1360 et
1822 1293 1911 1378 quasi
1933 1293 2093 1377 quoddam

271 1393 466 1479 spicilegium
490 1392 632 1457 criticum
654 1391 696 1455 ad
718 1393 883 1477 prologum
910 1393 1003 1460 huius
1036 1395 1164 1461 fabulae
1197 1404 1346 1481 spectans
1368 1393 1530 1480 perhanc
1552 1394 1711 1460 scribendi
1735 1397 2000 1480 opportunitatem
2022 1417 2091 1481 pro·

265 1514 388 1580 ponere
410 1494 485 1560 mibi
507 1495 612 1560 liceat.

422 1598 470 1660 Ac
492 1595 532 1661 de
555 1593 709 1662 subsidiis
732 1591 860 1677 quidem
883 1597 998 1663 criticis
1032 1596 1263 1662 emendationis
1296 1596 1494 1682 Aeschyleae
1528 1597 1626 1662 veluti
1660 1597 1700 1662 de
1735 1598 1852 1665 codicis
1873 1599 2008 1665 Medicei
2029 1598 2091 1664 fide

271 1696 374 1782 deque
397 1699 510 1765 mutuis
532 1698 722 1781 reliquorum
746 1693 888 1760 codicum
909 1698 1093 1781 rationibus,
1116 1705 1181 1762 tum
1204 1697 1244 1763 de
1266 1697 1455 1764 scholiorum
1476 1699 1692 1765 Mediceorum
1714 1720 1783 1782 usu,
1806 1698 1942 1782 denique
1965 1701 2091 1786 delego

270 1799 325 1863 illa
359 1799 596 1884 compositionis
630 1797 835 1862 antitheticae
868 1818 888 1861 a
920 1799 1033 1865 Weilio
1067 1799 1196 1864 iuventa
1216 1800 1450 1883 unper'lliii)
1474 1801 1633 1886 copiosius
1657 1801 1860 1885 exposuimus
1884 1821 2029 1886 quaeque
2052 1803 2091 1868 de

271 1903 318 1967 his
341 1902 418 1986 ipsis
440 1900 593 1967 subsidiis
617 1897 735 1964 criticis
758 1906 790 1963 et
811 1898 851 1963 de
874 1899 998 1965 modico
1021 1922 1129 1966 eorum
1144 1898 1186 1965 ad
1202 1900 1432 1967 emendandum
1449 1895 1643 1986 Aeschylum
1662 1922 1720 1968 usu
1735 1902 1780 1967 ibi
1795 1924 1825 1986 p.
1850 1906 1890 1968 23
1912 1903 2092 1968 summatim

270 2003 456 2083 monuimus,
494 2023 532 2066 ea
564 2001 745 2065 etiamnunc
778 2020 855 2065 vera
886 2002 980 2068 uobis
1012 2003 1169 2070 videntur.
1214 2011 1287 2068 sunt
1319 2009 1425 2068 autem
1457 2004 1655 2086 potissimum
1677 2005 1770 2068 hacc:
1794 2024 1928 2085 ,omnem
1952 2004 2092 2070 criticam

269 2105 422 2188 Aeschyli
456 2103 686 2186 supellectilem
718 2101 812 2167 valde
845 2123 989 2168 mancam
1022 2111 1117 2187 atque
1151 2103 1279 2168 dubiam
1313 2125 1385 2170 esse
1419 2111 1451 2170 ct
1485 2113 1518 2169 ut
1540 2107 1634 2189 plane
1657 2106 1760 2170 dicam
1784 2105 1869 2187 quod
1892 2106 2004 2188 scirtio,
2027 2115 2092 2170 tam

270 2205 447 2272 Medicenm
470 2203 609 2270 codicem
633 2205 764 2286 eiusque
787 2204 908 2270 scholia
929 2226 1022 2288 quam
1047 2205 1183 2287 reliquos
1206 2227 1315 2272 omnes
1337 2212 1492 2290 quotquot
1514 2215 1641 2274 exstant
1664 2207 1790 2274 codices
1813 2207 1962 2290 temporis
1982 2207 2092 2289 iniqui-

272 2317 337 2372 tate
370 2326 566 2372 communem
603 2306 706 2370 labem
740 2326 873 2390 eamque
906 2308 1067 2390 aliquanto
1100 2307 1277 2392 graviorem
1311 2328 1406 2391 qnam
1438 2309 1532 2392 vulgo
1567 2309 1702 2374 creditur
1728 2309 1790 2374 iam
1813 2308 1934 2393 pridem
1957 2307 2091 2374 traxisse

272 2408 428 2476 existimo.
472 2414 519 2473 ιοι
552 2427 627 2472 vero
660 2407 747 2474 locos
780 2409 976 2494 Aesclrylcos
1010 2409 1206 2474 saeculorum
1240 2410 1375 2476 decursu
1404 2410 1455 2476 vel
1477 2411 1604 2476 inscitia
1626 2409 1677 2473 vel
1699 2410 1904 2493 neglegentia
1924 2409 1975 2474 vel
1998 2410 2090 2474 etiam

268 2511 381 2578 fraude
413 2508 612 2575 librariorum
646 2509 817 2575 manifesto
850 2510 1043 2595 depravatos
1076 2531 1115 2574 ac
1147 2509 1333 2596 desperatos
1366 2511 1417 2594 qui
1452 2512 1579 2578 tandem
1612 2531 1730 2596 quaeso
1752 2511 1847 2576 hodie
1869 2511 1909 2576 ad
1933 2511 2091 2576 saniorem

269 2612 578 2700 probabilioremque
611 2610 752 2694 speciem
784 2610 1028 2678 revocabimus?
1082 2631 1121 2676 ne
1154 2613 1253 2678 multa
1285 2651 1327 2660 -
1359 2613 1421 2680 nisi
1454 2613 1582 2678 omnino
1615 2612 1785 2697 desperare
1819 2613 1859 2678 de
1886 2611 2090 2676 instaurando

267 2714 429 2799 Aeschylo
452 2712 605 2792 volumus,
629 2713 780 2778 rationem
804 2714 888 2778 illam
911 2721 1059 2778 centurn
1082 2712 1279 2780 codicibus
1301 2715 1489 2801 potiorem
1507 2715 1602 2780 etiam
1623 2715 1664 2780 ed
1680 2715 1775 2780 crisin
1791 2713 2004 2798 Aeschyleam
2019 2733 2091 2778 con-

268 2824 388 2883 stanter
410 2823 442 2880 et
464 2822 590 2878 strenue
613 2811 759 2878 adhiberi
781 2834 914 2880 necesse
937 2824 994 2896 est,
1017 2823 1051 2880 ut
1074 2836 1113 2880 ea
1135 2815 1334 2899 potissimum
1367 2816 1447 2883 duce
1479 2816 1615 2903 primurn
1648 2816 1724 2899 quid
1746 2817 1787 2882 sit
1808 2816 2018 2898 Aeschyleum
2040 2815 2090 2880 vel

198 2977 203 2991 ,
269 2923 352 2982 certe
375 2913 536 2999 Aeschylo
560 2915 699 3000 dignum,
723 2913 894 2996 quidhoc,
918 2935 1010 2997 quam
1045 2917 1283 2983 accuratissime
1315 2919 1564 2984 internoscemus
1587 2927 1619 2982 et
1641 2918 1851 3002 exploremus,
1875 2916 1992 2982 deiude
2015 2936 2090 2982 vero

269 3017 347 3100 quid
379 3015 508 3082 taudem
543 3039 563 3082 a
594 3023 690 3102 poeta
722 3015 799 3082 locis
828 3017 982 3101 corruptis
1005 3019 1178 3101 antiquitus
1201 3020 1353 3105 scriptum
1375 3020 1474 3086 scisse
1495 3019 1667 3086 verisimile
1689 3020 1738 3102 sit,
1761 3019 1956 3104 probabili
1978 3017 2091 3084 saltem

269 3119 451 3188 coniectura
473 3126 504 3182 et
526 3116 698 3182 divinando
720 3137 927 3202 assequamur
949 3157 990 3166 ω
1012 3117 1114 3186 donec
1137 3119 1308 3204 aliquando
1330 3120 1564 3188 vetustissimus
1587 3120 1639 3185 illo
1656 3120 1758 3186 codex
1773 3120 1967 3204 archetypus
1983 3120 2090 3184 etiam·

269 3241 351 3286 nuuc
373 3219 488 3284 alicubi
511 3217 700 3284 delitescens
735 3219 867 3301 (utinam
900 3239 993 3286 verus
1027 3241 1131 3286 rumor
1164 3222 1229 3305 citt)
1264 3241 1303 3288 ex
1335 3223 1468 3288 latebris
1499 3222 1565 3287 suis
1588 3221 1619 3285 in
1643 3221 1745 3286 lucem
1768 3227 1946 3306 protractus
1968 3239 2091 3286 omnem

269 3321 444 3387 criticorum
476 3321 727 3404 Aeschyleorunr
762 3320 951 3386 emendandi
986 3341 1114 3405 operam
1148 3323 1174 3388 si
1207 3343 1270 3390 non
1303 3324 1428 3389 omnino
1452 3343 1732 3407 supervacaneam,
1755 3331 1788 3388 at
1810 3321 1986 3386 faciliorem
2010 3341 2093 3388 com-

269 3420 505 3505 modioremque
528 3421 660 3488 reddat!

421 3523 533 3606 Itaque
555 3522 639 3606 quod
661 3522 724 3589 iam
746 3523 936 3606 aliquotiens
960 3525 992 3590 in
1015 3527 1174 3610 Aeschylo
1190 3526 1386 3611 periclitatus
1402 3547 1482 3608 sum,
1499 3525 1583 3592 idern
1599 3545 1682 3590 nunc
1697 3544 1821 3606 quoqne
1836 3524 1869 3588 iu
1884 3519 2091 3607 perpoliendo

269 3627 399 3711 prologo
421 3626 667 3710 Agamemnonis
690 3626 837 3708 experiar
858 3646 918 3692 nec
940 3646 1069 3711 operam
1096 3626 1274 3711 perdidisse
1297 3625 1439 3708 videbor,
1463 3628 1489 3692 si
1512 3627 1595 3692 forte
1617 3645 1747 3710 parvam
1770 3625 1854 3690 hanc
1876 3623 2093 3690 nobilissimae

429 3861 455 3930 ¹¹)
474 3864 730 3920 Emendationes
749 3865 1004 3933 Agamemnonis
1022 3867 1239 3935 Aeschyleee.
1259 3867 1293 3922 cf.
1312 3866 1392 3924 index
1412 3867 1561 3924 scholarum
1573 3868 1601 3922 in
1618 3822 1797 3921 universitate
1815 3865 1950 3920 litteraria
1968 3863 2096 3934 Gryphis·

267 3951 388 4008 vuldensi
409 3967 458 4020 per
476 3958 605 4008 semestre
622 3953 763 4008 hibernum
781 3971 805 4008 a.
827 3955 966 4010 1854-55
985 3955 1147 4010 habiturum.

411 4055 454 4120 **)
472 4055 632 4125 Aeschyli
649 4057 857 4126 Agamemno.
885 4058 998 4127 primum
1017 4059 1102 4114 edidit
1119 4059 1155 4114 R.
1168 4060 1204 4115 H.
1217 4060 1372 4116 Klausen.
1392 4058 1475 4114 editio
1486 4059 1573 4114 altera
1585 4074 1664 4126 quam
1677 4056 1783 4113 curavit
1794 4057 1829 4111 R.
1844 4057 1962 4125 linger.
1981 4055 2093 4125 Lipsiae

270 4147 348 4200 1eee.
385 4143 503 4199 eiusdem
522 4144 625 4213 rangeri
644 4145 726 4200 editio
754 4144 965 4214 Agamemnonis
992 4151 1083 4201 exstat
1110 4147 1138 4201 in
1164 4163 1242 4201 usum
1269 4148 1417 4202 scholarum
1445 4151 1542 4215 parstc
1564 4164 1588 4202 a.
1609 4149 1678 4202 1855
1696 4161 1833 4214 nuperque
1852 4145 1992 4214 recognita
2010 4150 2040 4201 et
2056 4144 2096 4198 sic

269 4230 409 4299 iuscripta:
439 4231 622 4300 Aeschylos
640 4232 864 4302 Agamemnon
882 4233 932 4288 mit
950 4233 1126 4289 erklereuden
1144 4233 1594 4304 Anmerknugenheransgegeben
1617 4252 1670 4289 von
1691 4233 1818 4288 Robert
1836 4233 1954 4301 linger.
1993 4229 2096 4286 Zwoibe

269 4318 394 4387 Auflcge,
406 4320 605 4388 umgeerbeitet
621 4336 673 4376 von
692 4321 846 4377 Walther
864 4321 1008 4377 Gilbert.
1044 4321 1159 4389 Leipzig
1178 4323 1256 4377 1874.

393 4421 452 4490 *il
470 4423 630 4494 Aeschyli
647 4425 855 4494 Agamemno.
874 4425 1010 4481 recensuit
1019 4423 1219 4480 adnotationem
1234 4424 1355 4480 criticam
1370 4431 1399 4481 et
1413 4427 1580 4494 exegeticon
1594 4423 1867 4480 adiecitHenricus
1886 4421 1981 4478 Weil.
2001 4420 2098 4477 Gissce

272 4514 349 4569 1858.
385 4511 447 4567 vide
465 4511 546 4566 ctiam
565 4512 684 4568 eiusdem
702 4513 796 4570 Weilii
822 4513 955 4570 Addenda
982 4513 1016 4568 ad
1044 4510 1172 4580 Aeschyli
1198 4512 1369 4569 Eumenides.
1406 4513 1503 4570 Gissue
1522 4515 1591 4569 1861
1610 4529 1635 4582 p.
1656 4515 1706 4568 125
1726 4529 1764 4580 sq.
1801 4509 1920 4579 itemque
1938 4511 1972 4564 ad
1989 4510 2098 4564 Persas·

271 4601 367 4657 Giesae
386 4602 454 4656 1887
474 4616 500 4669 p.
519 4602 570 4655 117
589 4617 627 4668 sq.

377 4703 452 4772 Μ’)
470 4703 655 4773 Aeschylos
674 4703 903 4774 Agamemnon.
923 4702 1080 4760 Griechisoh
1092 4703 1147 4758 und
1158 4703 1281 4758 Deutscb
1293 4702 1344 4760 mit
1355 4703 1523 4774 hlinleitung,
1536 4704 1609 4760 einer
1621 4703 1805 4771 Abhandluug
1821 4719 1870 4758 zur
1888 4699 2099 4770 Aeschylisohen

271 4791 366 4848 Kritih
384 4793 438 4849 und
457 4792 635 4849 flammentur.
672 4791 736 4848 Vou
752 4791 836 4847 Kurl
853 4791 1020 4846 Heinrich
1038 4791 1140 4846 Keck.
1176 4790 1291 4859 Leipzig
1310 4793 1387 4846 1863.

359 4894 450 4965 *****)
469 4895 512 4952 Eu
531 4897 613 4952 verbe
631 4895 750 4952 Socratis
769 4895 798 4950 in
815 4895 937 4950 Plutonis
956 4895 1100 4952 Phaedone
1119 4911 1141 4949 c.
1165 4893 1209 4948 IV
1237 4898 1292 4971 λέγι
1324 4899 1418 4965 τοίνυν,
1450 4896 1506 4970 ἔφη,
1541 4893 1621 4973 αὐτῷ,
1653 4887 1673 4952 oi
1704 4898 1800 4970 Κέβης,
1832 4895 1947 4968 τάληθῆ,
1981 4892 2019 4952 ὅτι
2051 4892 2099 4953 οὒκ

268 4990 353 5061 dalaq>
373 4981 528 5059 deciduntur
550 4981 610 5042 crida*
631 4990 684 5051 τοῖς
704 4979 847 5056 noricorum
868 4979 951 5040 ιιιίιοῦ
972 4981 1156 5054 ἀντίτεχνος
1179 4977 1242 5038 εἶναι
1263 4985 1376 5053 turipum
1398 4985 1490 5039 ταῦτα·
1505 4975 1594 5060 ᾔδειν
1614 4978 1678 5058 γὰρ
1700 4977 1739 5044 ὦς
1761 4977 1798 5036 οὗ
1819 4978 1935 5060 ῥᾴδιοι
1958 4984 2013 5050 εἴη.

340 5102 452 5169 ******)
470 5101 525 5158 Per
543 5101 771 5172 opportunitatem
788 5099 976 5156 scholasticam
994 5101 1127 5169 gymnasii
1145 5099 1232 5156 cosmi
1250 5099 1279 5155 in
1296 5113 1386 5169 progr.
1405 5115 1430 5154 a.
1451 5100 1529 5166 1877,
1547 5097 1590 5152 cui
1608 5095 1746 5164 praecedit
1761 5096 1920 5165 disputatio:
1941 5098 1979 5153 de
1998 5112 2097 5154 emen-

272 5191 375 5248 dando
394 5190 496 5258 primo
515 5190 664 5261 episodio
684 5189 766 5259 quod
785 5194 837 5245 est
855 5187 887 5243 in
905 5187 1065 5256 Aeschyli
1083 5186 1215 5256 Septem
1237 5187 1396 5244 adversus
1414 5185 1542 5242 Thebas
1560 5199 1587 5252 p.
1604 5187 1683 5239 3-7.
