4576 5834
1060 278 1081 344 9

967 365 1169 378 -ᾐ

156 483 275 550 etenim
297 480 526 565 longitudinem
547 501 612 547 uon
633 479 864 565 repetitionem·
878 500 1003 547 annuae
1024 481 1154 565 vigiliae
1183 479 1234 545 hic
1255 479 1427 564 significari
1449 482 1545 548 etiam
1566 484 1680 549 vocula
1701 484 1741 562 ἣν
1763 504 1807 551 sc.
1829 480 1978 564 φρουράν

160 588 196 669 (ί,
218 607 245 652 e.
267 586 338 668 seit,
361 581 514 648 wabrend
539 582 689 666 walchen)
721 581 850 648 iudicat.
894 583 1043 667 quocirca
1074 587 1172 662 μῆκοι
1204 603 1263 668 pro
1298 582 1480 650 accusativo
1512 605 1605 670 quem
1638 593 1754 651 vocant
1786 583 1977 670 explicativo

161 691 263 756 habeo
284 688 447 768 verbaque
469 684 525 750 illa
547 684 593 751 sic
618 683 779 750 verterim:
812 683 970 767 vigiliae
1002 703 1097 768 quae
1130 695 1188 750 est
1219 683 1464 767 longitudine
1497 707 1629 754 annue.
1674 695 1785 754 contra
1806 687 1862 754 alii
1883 688 1977 752 inter-

159 799 266 878 pretes
287 786 506 855 accusativum
537 786 689 872 temporis
721 785 772 850 hic
804 791 979 851 statuentes
1013 805 1148 869 eumque
1175 805 1244 850 cum
1268 787 1366 852 verbo
1389 787 1467 852 αἰτῶ
1490 808 1600 872 parum
1624 789 1786 855 commode
1808 790 1977 872 iungentes

158 899 299 958 vertunt:
326 910 393 975 per
414 907 562 954 annuae
583 887 744 972 vigiliae
766 886 1056 973 longitudinem.
1100 886 1216 952 deinde
1237 908 1267 954 v.
1288 889 1309 954 3
1331 886 1468 963 ἄγκαθεν
1490 887 1608 973 duplici
1628 890 1722 956 modo
1745 891 1922 975 explicatur
1936 889 1978 954 ab

156 992 386 1078 interpretibus
407 989 461 1073 qui
483 990 535 1055 vel
556 989 594 1053 iu
617 992 684 1072 (ex)
706 988 808 1056 ulnis
830 989 851 1056 i.
874 1010 902 1055 e.
926 988 1027 1055 ulnis
1053 989 1161 1055 nixus
1189 988 1378 1075 (secundum
1407 989 1547 1074 glossam
1565 991 1660 1058 Fam.
1684 992 1718 1056 ἐν
1740 990 1903 1075 ἄγκάλαιε)
1926 989 1978 1055 vel

157 1096 326 1180 desuper
346 1099 473 1158 vertunt
495 1091 541 1156 nti
564 1090 737 1158 scholiasta
758 1090 920 1158 Mediceus
942 1090 1022 1156 haec
1042 1088 1167 1157 dicens:
1181 1090 1219 1154 τὸ
1235 1089 1372 1165 ἄγκαθεν
1386 1092 1466 1155 κατὰ
1485 1095 1645 1172 ευγκοπὴν
1661 1093 1729 1158 ἀντὶ
1744 1093 1977 1165 τοθιάνέκαθεν,

159 1198 320 1262 rodricus
347 1193 496 1259 ἄνωθεν
518 1193 566 1280 [ἐξ
589 1191 730 1278 dextri}
775 1192 979 1274 similiterque
1001 1191 1180 1277 Hesychius
1204 1199 1235 1257 ct
1256 1200 1420 1274 grammat.
1442 1193 1474 1257 in
1496 1193 1635 1259 Bekkeri
1658 1194 1777 1263 Anecd.
1794 1215 1825 1279 p.
1840 1195 1911 1276 337,
1927 1195 1977 1260 25.

162 1297 305 1382 equidem
329 1305 494 1379 utramque
517 1294 760 1379 explicationem
783 1293 897 1360 falsam
920 1314 992 1360 esse
1013 1303 1100 1378 puto,
1124 1314 1194 1359 cum
1215 1314 1276 1359 nec
1297 1292 1469 1359 ulnarum
1492 1276 1746 1362 commemoratio
1761 1317 1821 1362 nec
1835 1295 1979 1362 adverbii

160 1401 328 1485 desuper
350 1397 437 1462 notio
459 1396 502 1462 ad
523 1397 622 1462 verba
643 1396 738 1460 κυνδε
762 1395 851 1473 δίκην
872 1396 937 1461 ullo
959 1394 1054 1461 modo
1087 1393 1320 1462 accommodari
1348 1400 1452 1478 queat.
1495 1415 1602 1462 veram
1626 1396 1869 1480 explicationem
1892 1398 1979 1463 vocis

159 1502 301 1578 ἄγκαθεν
324 1500 395 1586 (pro
418 1519 481 1582 qua
501 1498 638 1564 fortasse
660 1498 796 1574 ἄγκαθεν
818 1497 1034 1579 scribendum)
1067 1496 1153 1562 solus
1185 1495 1271 1577 quod
1302 1495 1402 1562 sciam
1425 1497 1648 1564 Beckmannus
1671 1499 1835 1582 proposuit
1855 1499 1877 1563 l.
1900 1518 1926 1566 c.
1948 1518 1979 1583 p.

163 1608 205 1669 13
227 1623 274 1687 sq.
298 1603 348 1684 qui
370 1599 556 1667 adverbium
579 1599 717 1676 ἄγκαθεν
749 1619 820 1666 cum
849 1597 981 1664 vocibus
1014 1596 1120 1674 ἄγκᾶε,
1154 1597 1242 1676 ἄγκή,
1276 1597 1403 1676 ἀγκάλη,
1435 1597 1547 1674 ἀγκών,
1570 1599 1668 1676 ἄριοι
1691 1621 1882 1685 componens
1903 1600 1980 1667 illud

161 1706 225 1772 hoc
247 1705 314 1770 loco
337 1702 518 1786 significare
541 1700 620 1767 discit
650 1721 695 1765 ex
727 1701 867 1784 angulo
900 1698 995 1785 idque
1028 1699 1175 1783 probavit
1206 1699 1326 1781 aliquot
1357 1699 1435 1766 locis
1468 1699 1564 1765 veluti
1599 1699 1740 1785 Choeplr.
1773 1705 1834 1769 581
1857 1703 1982 1768 πόντιαι

161 1807 301 1883 ἀγκάλαι,
326 1803 494 1888 Sophoclis
532 1801 581 1869 Αί.
597 1853 599 1858 .
616 1804 678 1868 805
714 1801 867 1881 ἑεπέρουε
900 1801 1053 1879 ἄγκιίιναε,
1088 1801 1234 1887 Xenoph.
1267 1804 1326 1868 Au.
1359 1805 1390 1886 4,
1422 1805 1449 1885 1,
1479 1804 1496 1868 7
1521 1800 1626 1876 ἄγκειί
1653 1822 1688 1866 τε
1711 1804 1761 1866 καί
1784 1808 1893 1884 μυχοί(
1916 1807 1981 1870 τῶν

160 1909 268 1987 ὄρειον
290 1905 383 1972 simul
405 1905 543 1971 afferens
565 1904 669 1968 locmn
691 1903 902 1987 Aeschylenm
925 1914 1030 1970 nostro
1054 1903 1246 1968 sinrillimum
1271 1902 1411 1988 Choepb.
1434 1905 1495 1970 441
1520 1909 1608 1989 μυχῷ
1631 1903 1791 1984 ἄφερκτοι
1812 1906 1981 1971 πολυείνου

159 2011 259 2076 κυνδε
281 2008 378 2085 δίκην.
401 2026 484 2072 nnuc
505 2004 578 2070 vide
600 2024 694 2088 quam
715 2011 789 2088 apte
812 2015 918 2072 custos
941 2007 994 2071 illc
1016 2007 1053 2070 in
1076 2005 1215 2090 angulo
1236 2004 1372 2088 quodam
1395 2004 1506 2071 domus
1521 2006 1630 2089 regiae
1645 2007 1825 2072 Atridarum
1847 2009 1982 2090 (ετέγαιε

160 2111 332 2192 Ἀτρειδῶν
353 2131 410 2196 pro
433 2109 468 2174 ἐν
495 2108 631 2188 ετέγαιε)
653 2113 821 2172 nocturnas
844 2108 996 2173 excubias
1018 2107 1106 2172 canis
1129 2106 1237 2190 vigilis
1260 2106 1359 2171 instar
1381 2126 1476 2188 agere
1500 2106 1633 2174 dicatur.
1668 2112 1827 2191 quaeritur·
1846 2110 1983 2193 denique

163 2216 242 2298 qnid
263 2213 325 2282 sibi
347 2213 424 2278 velit
444 2235 473 2278 v.
494 2212 520 2276 4
539 2207 717 2295 perfectum
739 2207 876 2274 κάτοιδα.
899 2208 1101 2293 putandusne
1129 2215 1177 2274 est
1206 2208 1369 2273 excubitor
1391 2207 1554 2290 pueriliter
1575 2229 1614 2274 ac
1636 2209 1769 2276 tironum
1792 2233 1878 2278 more
1898 2213 1984 2297 loqui

162 2341 200 2386 se
222 2313 480 2402 perdidicisse
501 2312 553 2378 vel
574 2309 801 2396 permovisse
823 2309 933 2376 dicens
957 2309 1116 2376 stellarum
1144 2317 1266 2375 coetum
1289 2316 1321 2374 et
1343 2309 1488 2374 cursum?
1511 2330 1552 2375 an
1574 2312 1678 2396 potius
1701 2312 1761 2378 boc
1783 2333 1854 2379 eum
1877 2314 1984 2380 dicere

160 2418 328 2505 probabile
351 2437 386 2482 se
408 2435 448 2480 ex
467 2413 584 2498 angulo
606 2412 659 2478 vel
681 2411 778 2476 cubili
799 2431 855 2478 suo
878 2411 1082 2496 perlongum
1105 2419 1229 2496 tempus
1244 2409 1373 2494 vigiliae
1388 2431 1466 2476 snae
1482 2412 1669 2480 observasse
1685 2423 1717 2479 ct
1739 2415 1984 2502 contemplatum

162 2541 241 2590 esee
263 2519 356 2584 illus?
378 2515 525 2601 equidem
547 2535 610 2580 non
634 2513 744 2578 dubito
768 2513 843 2597 quin
865 2513 1043 2597 Aeschylus
1066 2512 1228 2598 scripserit
1250 2515 1396 2576 κατεῖδον
1418 2511 1448 2578 h.
1472 2532 1498 2576 e.
1523 2516 1805 2599 contemplatus
1825 2537 1913 2583 sum.

316 2641 346 2686 v.
369 2621 483 2684 8—11.
528 2616 728 2702 participium
750 2615 876 2680 ἐλπίζον
904 2634 932 2678 v.
958 2618 994 2681 ll
1019 2615 1090 2680 forti
1112 2614 1252 2700 epitheto
1275 2613 1494 2693 ἀνδρόβουλον
1515 2613 1658 2680 additum
1680 2616 1765 2684 band
1787 2617 1985 2686 mediocriter

162 2727 280 2810 frigere
300 2740 381 2786 unus
404 2718 538 2802 quisque
561 2718 655 2784 credo
677 2737 799 2783 mecum
822 2717 927 2784 scutit.
961 2716 1070 2799 itaque
1091 2717 1198 2781 malim
1221 2713 1409 2781 infinitivum
1432 2715 1567 2783 ἐλπίζειν
1593 2715 1645 2781 bic
1666 2737 1828 2802 reponere.
1861 2730 1986 2786 sentcn-

162 2829 212 2894 tia
234 2833 295 2892 est:
318 2823 374 2889 sic
395 2840 552 2906 sperare
575 2822 669 2902 (nos)
690 2819 797 2884 iubet
817 2819 1008 2885 masculus
1029 2818 1201 2884 mulieris
1224 2818 1381 2885 animus.
1405 2839 1499 2900 quam
1514 2817 1642 2902 quidem
1657 2839 1745 2904 spem
1761 2819 1803 2886 ad
1825 2820 1984 2888 excidium

164 2927 283 2995 'l‘roiae
306 2923 357 3008 (τὸ
379 2924 437 3001 τὴν
458 2923 577 3001 Τροίαν
599 2921 733 3004 ἁλῶναι)
755 2929 900 3004 spectare
923 2940 940 2984 c
963 2921 1106 2986 versibus
1129 2922 1158 2986 9.
1185 2919 1224 2985 10
1246 2920 1299 3002 qui
1323 2919 1517 3004 praecedunt
1538 2920 1706 3004 verbisque
1729 2920 1790 2987 illis
1814 2922 1848 2987 ἐκ
1869 2921 1985 3001 Τροία(

164 3030 263 3111 φάτιν
283 3025 442 3102 ἁλώειμόν
466 3045 502 3089 τε
526 3024 612 3104 βάξιν
634 3023 835 3088 manifestum
857 3021 901 3087 fit.
944 3041 1026 3104 quae
1060 3042 1122 3086 non
1154 3021 1224 3086 siue
1257 3021 1431 3088 acerbitate
1459 3021 1499 3084 ab
1523 3021 1706 3087 excubitore
1728 3023 1762 3088 ivr
1783 3024 1985 3109 imperiosam

165 3133 451 3216 Clytaemnestram
474 3125 627 3206 dicuntur,
650 3131 811 3208 tamquam
834 3123 904 3189 siue
925 3123 1013 3190 illius
1034 3123 1165 3206 imperio
1188 3143 1228 3188 ue
1250 3142 1378 3206 sperare
1402 3122 1529 3205 quidem
1545 3125 1711 3204 quicquam
1727 3125 1829 3192 liccat.
1847 3133 1985 3193 ceterum

163 3228 428 3318 permutationem
461 3227 632 3292 formarum
664 3224 824 3312 participii
857 3233 890 3289 et
920 3223 1068 3290 infinitivi
1101 3224 1131 3288 h.
1159 3245 1186 3292 e.
1209 3225 1462 3292 terminationem
1485 3246 1539 3297 υιν,
1562 3245 1600 3289 ον
1623 3232 1654 3290 et
1676 3247 1722 3291 ειν
1743 3227 1775 3292 iu
1797 3227 1887 3294 libris
1910 3247 1986 3296 mss.

165 3329 456 3417 frequentissimam
490 3348 562 3394 esse
594 3333 718 3394 constat
750 3345 897 3409 errorque
930 3325 982 3392 hic
1015 3347 1052 3392 eo
1085 3327 1251 3412 proclivior
1288 3325 1346 3391 fnit
1382 3333 1446 3391 tum
1486 3335 1614 3411 propter
1645 3326 1805 3394 insolitam
1842 3328 1987 3395 infinitivi

166 3435 302 3500 ἐλπίζειν
324 3427 563 3496 collocationem
584 3436 650 3494 tum
672 3433 800 3512 propter
821 3427 1017 3492 vicinitatem
1040 3428 1173 3514 epitheti
1194 3427 1421 3508 ἀνδρόβουλον.

318 3553 348 3598 ν.
375 3531 507 3599 12-19.
552 3529 585 3594 in
608 3530 657 3596 his
679 3536 763 3595 octo
785 3529 929 3595 versibus
952 3529 1116 3612 quinque
1148 3529 1226 3593 vitia
1257 3529 1364 3596 inesse
1395 3529 1467 3612 quis
1501 3526 1631 3594 credat?
1663 3529 1828 3595 videamus
1850 3531 1987 3615 singula.

165 3638 301 3724 primum
323 3655 353 3702 v.
378 3635 417 3700 12
440 3651 497 3717 pro
518 3630 683 3718 particulis
706 3629 768 3696 εὖτ’
792 3631 832 3696 ἄν
854 3634 889 3697 δέ
911 3631 1090 3716 scripserim
1121 3629 1161 3696 αὖ
1184 3631 1287 3708 τήνδε,
1311 3651 1392 3713 qnae
1424 3629 1538 3695 vocula
1570 3629 1638 3712 (αὖ)
1669 3631 1820 3697 hocloco
1843 3633 1988 3698 intanta

167 3738 313 3808 custodis
334 3734 533 3820 impatientia
553 3733 724 3817 aptissime
745 3753 973 3819 saepenumero
996 3733 1159 3800 obscurari
1181 3733 1214 3797 iu
1236 3731 1325 3798 libris
1346 3753 1421 3798 mss.
1446 3731 1534 3798 solet.
1559 3739 1668 3797 contra
1689 3730 1753 3797 εὖτ’
1774 3733 1813 3799 ἄν
1835 3741 1871 3800 nt
1885 3732 1988 3800 dicam

166 3839 255 3924 quod
276 3839 388 3921 sentio,
411 3835 507 3903 nimis
529 3835 710 3918 quaesitum
732 3843 764 3900 et
784 3836 942 3920 poeticum
965 3835 1100 3919 ideoque
1122 3833 1259 3900 alienum
1274 3854 1295 3899 a
1310 3832 1446 3917 simplici
1461 3841 1492 3898 et
1507 3834 1614 3898 nativo
1638 3834 1829 3900 excubitoris
1845 3855 1989 3901 sermone

166 3942 247 4008 mibi
269 3939 399 4006 videtur.
443 3959 482 4004 ac
504 3947 670 4022 praeterea
703 3937 789 4002 istud
825 3935 888 4001 εὖτ’
922 3937 962 4002 ἄν
994 3945 1124 4022 propter
1156 3934 1352 4000 consimilem
1384 3934 1570 4019 particulam
1598 3934 1676 3998 ὅταν
1698 3955 1779 4017 quae
1801 3935 1896 4020 paulo
1918 3947 1990 4021 post

168 4066 198 4109 v.
225 4044 265 4110 16
286 4041 435 4124 sequitur,
455 4038 554 4105 ualde
575 4046 754 4122 suspectum
787 4035 862 4102 ierri
894 4038 980 4104 nullo
1012 4037 1106 4104 modo
1135 4042 1239 4121 potest
1271 4036 1324 4101 vel
1345 4043 1513 4122 propterea
1534 4035 1618 4120 quod
1640 4035 1695 4100 tali
1720 4035 1847 4118 quidem
1869 4039 1989 4121 protasi

171 4162 300 4230 prorsus
321 4142 372 4206 hic
395 4140 485 4207 deest
506 4140 657 4226 epodosis
680 4138 869 4223 omninoque
892 4139 1052 4205 balbutire
1074 4160 1114 4204 ne
1137 4137 1296 4204 hominem
1319 4135 1447 4220 quidem
1470 4137 1509 4203 de
1531 4137 1626 4221 plebe
1648 4138 1680 4202 in
1702 4136 1868 4220 tragoedia
1890 4137 1990 4208 decet.

172 4245 289 4311 deinde
310 4265 340 4310 ν.
365 4246 404 4309 14
426 4242 639 4328 suspicionem
661 4249 766 4323 movet
788 4241 936 4306 librorum
959 4241 1115 4326 scriptura
1136 4241 1223 4319 ἐμήν,
1246 4241 1278 4305 in
1301 4239 1391 4305 cuius
1414 4241 1516 4306 locum
1539 4239 1763 4305 substituenda
1777 4239 1853 4304 mibi
1868 4239 1993 4307 videtur

172 4344 351 4412 interiectio
362 4345 447 4424 οἴμοι
458 4363 521 4426 qua
531 4343 621 4409 dolor
632 4353 664 4408 et
675 4341 853 4425 indignatio
865 4343 1058 4410 excubitoris
1069 4342 1185 4427 longae
1196 4340 1325 4427 vigiliae
1337 4341 1491 4408 molestiis
1500 4339 1667 4422 defatigati
1676 4341 1791 4424 optimc
1800 4342 1991 4426 exprimitur.

172 4446 275 4531 qualis
290 4444 468 4512 interiectio
483 4445 607 4512 mediae
623 4445 755 4511 orationi
770 4461 1004 4526 nonnumquam
1020 4444 1168 4510 inseritur
1182 4443 1278 4509 veluti
1289 4441 1383 4509 buius
1398 4442 1524 4508 fabulae
1540 4463 1568 4506 v.
1580 4442 1661 4506 1225
1673 4441 1830 4521 οἰκουρὸν,
1844 4445 1936 4524 οἴμοι,
1947 4451 1992 4529 τῷ

174 4549 302 4628 μολόντι
317 4548 465 4630 δεεπότῃ.
487 4567 570 4612 nunc
586 4545 754 4612 dicendum
771 4544 812 4610 de
826 4552 883 4610 ter
900 4546 1036 4630 repetita
1050 4546 1081 4610 in
1098 4553 1278 4628 quattuor
1293 4544 1440 4610 versibus
1451 4561 1529 4607 voce
1541 4541 1640 4606 duno<
1652 4563 1681 4608 ν.
1696 4545 1743 4610 14.
1760 4546 1808 4612 15.
1823 4548 1871 4630 17,
1883 4547 1916 4611 in
1931 4565 1994 4630 qua

175 4649 363 4736 repetitione
374 4649 441 4714 iure
454 4647 653 4714 offenderunt
669 4646 770 4713 critici
788 4667 847 4713 nec
863 4646 993 4712 dubium
1012 4665 1082 4714 esse
1100 4647 1163 4712 ullo
1179 4646 1273 4711 modo
1289 4652 1395 4729 potest
1407 4662 1469 4725 quo
1480 4663 1574 4708 vorsu
1585 4641 1660 4707 illud
1671 4646 1859 4711 vocabulum
1872 4665 1993 4732 expun-

173 4752 313 4836 gendum
326 4751 377 4818 sit.
399 4750 514 4816 etenim
526 4769 555 4815 v.
567 4751 606 4817 15
617 4749 707 4834 ὕπνῳ
718 4768 848 4833 prorsus
859 4747 1011 4816 inutiliter
1020 4747 1126 4814 verbis
1140 4749 1285 4828 βλέφαρα
1302 4746 1469 4824 ιυμβαλεῑν
1480 4743 1557 4808 addi
1569 4744 1770 4811 manifestum
1783 4753 1840 4827 est,
1853 4766 1994 4830 praescr·

173 4861 229 4918 tim
252 4872 324 4918 cum
345 4874 375 4919 v.
398 4853 439 4918 14
460 4845 633 4936 praecedat
654 4848 720 4916 ἀνθ’
744 4849 855 4915 ὕπνου.
887 4859 961 4917 ante
997 4849 1111 4916 multos
1137 4868 1238 4914 annos
1261 4845 1381 4914 conieci
1402 4865 1459 4929 pro
1482 4843 1572 4929 ὕπνῳ
1594 4845 1795 4912 ουτίδεπᾶυιιι
1816 4865 1888 4912 esse
1910 4845 1995 4926 ὕπαρ

172 4956 194 5022 ί.
219 4973 246 5021 e.
270 4953 370 5019 inter
401 4951 645 5038 vigilandum.
678 4969 772 5036 quam
795 4952 1005 5016 coniecturam
1038 4950 1218 5016 etiamnunc
1250 4957 1350 5016 tueor.
1385 4946 1577 5013 rarissimum
1613 4947 1799 5012 vocabulum
1832 4947 1917 5028 ὕπαρ
1945 4948 1996 5014 ίιίο

172 5054 401 5123 adverbialiter
421 5059 605 5140 usurpatum
629 5062 679 5120 est
700 5053 795 5140 plane
817 5055 851 5117 rit
873 5053 975 5119 Prom.
998 5053 1060 5118 486
1083 5051 1214 5131 κᾶκρινα
1235 5053 1363 5129 πρῶτος
1386 5049 1420 5117 ἐξ
1442 5049 1616 5129 ὀνειράτων
1631 5049 1652 5112 ἃ
1665 5049 1725 5126 χρὴ
1740 5047 1825 5128 ίίπαρ
1845 5049 1997 5124 γενέεθαι

173 5175 271 5241 quem
294 5155 422 5238 quidem
445 5155 660 5222 adverbialem
682 5154 776 5220 buius
798 5145 943 5220 vocabuli
975 5171 1066 5219 usum
1098 5153 1248 5237 ignoraus
1281 5150 1429 5218 librarius
1462 5171 1501 5216 ex
1534 5149 1596 5216 alio
1618 5149 1687 5213 loco
1709 5149 1888 5235 Aeschyleo
1909 5149 1997 5235 Sept.
