4576 5834
1083 1372 1148 1456 De

202 1571 642 1671 emendando
666 1571 963 1700 prologo
981 1571 1535 1696 Agamemnonis
1550 1553 2017 1692 -Aesohyleae,

870 2065 1361 2144 Prooemium.

354 2235 424 2313 Quo
457 2232 543 2317 quod
574 2233 772 2318 praeclarius
805 2241 1039 2300 monumentum
1072 2233 1147 2298 artis
1182 2235 1323 2316 hahetur,
1356 2253 1394 2299 eo
1427 2235 1495 2300 lere
1526 2233 1700 2318 impensius
1726 2232 1777 2297 vel
1810 2232 1927 2298 leviore
1948 2231 2023 2295 labe

203 2339 336 2404 liberum
370 2345 477 2402 nostro
510 2336 579 2402 iure
613 2330 768 2420 optamus.
823 2354 862 2401 en
894 2338 1007 2401 summi
1037 2333 1171 2420 scrisit)
1195 2333 1313 2401 dictum
1337 2335 1431 2400 etiam
1454 2336 1496 2401 ad
1517 2339 1786 2420 Agamemnonem
1810 2333 2021 2418 Aeschyleam

203 2440 346 2525 apprime
368 2438 561 2504 conveniens
584 2447 615 2502 et
636 2445 755 2521 aptum.
800 2457 864 2520 qua
885 2437 1012 2520 quidem
1034 2436 1200 2522 tragoedia
1221 2436 1307 2502 haud
1330 2437 1396 2504 scio
1418 2457 1459 2502 an
1474 2437 1560 2503 nulla
1574 2435 1742 2521 perfectior
1763 2435 1806 2502 sit
1827 2455 1866 2501 ac
1886 2435 2023 2500 limatior

203 2543 271 2608 sive
302 2541 483 2606 universam
516 2537 644 2604 fabulae
677 2538 937 2623 compositionem
970 2547 1002 2604 et
1034 2539 1097 2602 vim
1131 2539 1284 2622 tragicam
1307 2538 1375 2604 sive
1398 2547 1577 2605 accuratam
1599 2537 1793 2622 singularum
1816 2555 2022 2623 personarum

202 2643 371 2721 ὴθοποιῑαν
393 2641 464 2707 sive
486 2638 716 2706 sententiarum
737 2639 856 2704 lumina
876 2659 915 2704 ac
937 2640 1072 2706 sublime
1094 2639 1172 2705 illud
1188 2647 1220 2706 et
1235 2640 1475 2724 grandiloquum
1491 2639 1620 2706 dicendi
1641 2659 1742 2724 genus
1765 2660 1828 2723 quo
1844 2637 2022 2722 Aeschylus

202 2743 380 2811 excellebat
411 2751 602 2827 spectamus.
657 2739 734 2827 quid
767 2739 864 2823 igitur
896 2761 1015 2824 quaeso
1048 2741 1158 2806 mirum
1190 2741 1218 2807 si
1249 2743 1282 2806 in
1310 2751 1396 2808 tanto
1419 2752 1548 2825 tamque
1570 2740 1752 2806 admirabili
1774 2742 1850 2805 artis
1872 2739 2023 2822 autiquae

203 2852 406 2912 monumento
426 2843 479 2908 vel
500 2842 739 2928 interpretando
760 2843 811 2908 vel
836 2842 1035 2908 emendando
1063 2843 1113 2907 vel
1139 2842 1264 2909 edendo
1291 2844 1343 2908 vel
1367 2843 1587 2928 qualicumque
1610 2842 1685 2909 dote
1708 2842 1818 2907 critica
1838 2831 2023 2906 adornando

201 2959 250 3015 tot
270 2945 474 3012 illustrissimi
497 2946 599 3011 critici
620 2943 755 3030 impigro
777 2964 816 3010 ac
838 2943 991 3009 laudabili
1013 2943 1119 3010 studio
1143 2944 1396 3012 elaboraverint?
1429 2965 1544 3029 agmen
1572 2944 1660 3011 ducit
1683 2944 1894 3011 Guilelmus
1917 2942 2022 3008 Hum-

202 3047 427 3133 solutiustt)
448 3047 635 3113 immortalis
657 3046 828 3112 memoriae
850 3047 897 3110 vir
914 3045 968 3128 qui
983 3046 1220 3130 Agamemnone
1235 3046 1416 3132 Aeschylea
1430 3047 1593 3132 eleganter
1607 3047 1640 3113 16
1661 3043 1862 3112 vernaculam
1883 3043 2022 3126 linguam

182 3169 356 3244 ‘conversa
379 3148 526 3214 eximiam
549 3147 709 3232 quandum
732 3147 996 3233 pulchritudinem
1019 3167 1058 3212 ac
1079 3147 1345 3230 magnificentiam
1368 3155 1400 3214 et
1422 3148 1498 3215 artis
1521 3156 1553 3214 et
1573 3147 1727 3214 sermonis
1742 3145 1915 3230 Aeschylei
1929 3145 2022 3211 nohis

201 3251 335 3338 aperuit.
384 3248 1067 3334 66161161166666611116666166161111616
1091 3249 1276 3315 industriam
1308 3258 1340 3315 et
1369 3269 1475 3316 euram
1504 3247 1718 3316 (1666116111
1741 3245 2021 3326 1161616661111)

202 3350 403 3437 quiquidem
425 3357 602 3434 pertatem
624 3351 721 3417 vitam
743 3351 775 3415 in
798 3349 996 3418 emendando
1025 3351 1183 3435 Aeschylo
1211 3359 1382 3437 occupatus
1411 3351 1495 3417 omui
1518 3350 1715 3435 supellectile
1738 3348 1848 3415 critica
1869 3355 2022 3430 textuque

202 3456 273 3540 ipso
294 3452 336 3519 ad
356 3451 602 3536 probabiliorem
624 3454 763 3537 speciem
786 3452 923 3520 adducto
946 3450 1048 3517 solida
1073 3473 1111 3517 ac
1133 3451 1223 3518 firma
1241 3451 1448 3519 fundamenta
1468 3451 1541 3518 crisi
1559 3452 1756 3537 Aeschyleae
1770 3450 1890 3536 primus
1905 3449 2022 3515 iecisse

202 3555 341 3636 ideoque
372 3573 488 3618 nomen
520 3553 770 3639 sospitatoris
802 3552 967 3638 Aeschyli·
989 3553 1055 3618 iure
1088 3552 1243 3620 meruisse
1266 3553 1492 3621 existimandus
1520 3553 1590 3620 est?
1622 3553 1692 3636 quis
1714 3552 1851 3634 denique
1874 3559 1923 3616 est
1944 3550 2022 3633 quin

202 3657 332 3742 cognita
352 3654 468 3720 haheat
491 3654 742 3721 celebratissima
763 3654 892 3720 nomina
914 3654 1201 3730 recentissimorum
1235 3655 1414 3722 criticorum
1447 3655 1501 3740 qui
1534 3655 1648 3740 partim
1682 3654 1794 3722 eadem
1826 3659 1922 3735 atque
1944 3651 2021 3717 Her·

200 3777 336 3824 manuus
357 3757 410 3820 via
430 3755 612 3822 insistentes
634 3757 749 3841 partim
765 3756 891 3841 proprio
906 3757 1007 3822 Marte
1022 3756 1055 3822 in
1071 3767 1171 3822 artem
1186 3765 1281 3840 atque
1297 3778 1474 3825 sermonem
1489 3756 1640 3841 Aeschyli
1662 3764 1831 3839 textusque
1853 3752 2023 3838 Aeschylei

360 3977 389 4045 ⁸)
407 3977 480 4033 Vide
497 3977 663 4036 Friderici
679 3977 862 4034 Ritschelii
880 3963 1044 4048 prooemium
1062 3980 1242 4036 academicum
1259 3979 1356 4036 iudicis
1374 3979 1524 4038 scholarum
1541 3979 1704 4038 aestivamm
1722 3977 1902 4036 Βο6116661661
1915 3977 2023 4032 61662

201 4084 229 4137 p.
247 4065 303 4122 m.
326 4064 429 4135 [opusc.
447 4065 539 4148 philol.
558 4067 669 4137 Lipsiae
689 4069 757 4122 1866
776 4068 829 4122 vol.
848 4065 864 4122 I
882 4083 909 4136 p.
926 4065 1005 4135 394].

344 4153 389 4221 **)
407 4155 590 4222 Aeschylos
608 4155 830 4224 Agamemnon
847 4155 975 4210 metrisch
993 4155 1131 4213 tibersetzt
1154 4173 1206 4212 ron
1223 4155 1382 4213 Wilhelm
1400 4172 1462 4212 ron
1479 4155 1666 4212 Rumboldt.
1703 4159 1729 4210 ‘A
1747 4153 1873 4224 Aullage.
1909 4151 2024 4222 Leipzig

204 4240 385 4311 reputator
403 4241 486 4298 editio
504 4243 606 4312 prodiit
624 4260 648 4298 a.
669 4244 746 4310 1616,
765 4241 808 4296 661
825 4247 905 4297 66166
923 4242 1030 4300 criticas
1049 4243 1148 4300 adiecit
1166 4243 1334 4300 Godofredus
1352 4241 1545 4310 Romaanus]
1568 4260 1600 4299 ac
1617 4243 1651 4299 66
1669 4243 1800 4312 singulari
1811 4241 2025 4311 Agamemnonis

204 4329 370 4398 praestantis
386 4329 427 4384 sic
444 4329 482 4384 ibi
500 4330 611 4400 egregie
629 4329 778 4399 disputavit
795 4329 837 4384 vir
854 4329 1017 4385 clarissimus
1034 4329 1137 4399 proleg.
1165 4348 1190 4400 p.
1218 4331 1279 4386 111:
1316 4337 1397 4387 unter
1423 4331 1495 4387 allen
1515 4332 1637 4387 Werlren
1654 4331 1702 4387 der
1719 4329 1911 4387 Gdeahiscmu
1928 4328 2025 4384 Btthue

204 4416 307 4470 kommt
322 4416 415 4472 heines
434 4417 494 4472 dem
512 4418 700 4488 Agamemnon
718 4433 753 4472 66
770 4417 920 4486 tragischcr
938 4417 1122 4474 Erhchenheit
1138 4420 1237 4488 gleich.
1282 4419 1318 4476 So
1342 4419 1383 4475 ott
1400 4435 1463 4475 man
1480 4419 1537 4475 dies
1555 4419 1736 4476 wuudervolle
1754 4418 1840 4474 Stttck
1858 4433 1911 4473 ron
1928 4432 2025 4472 nauem

203 4503 364 4573 durchgebt,
380 4504 524 4574 cmpflndet
540 4521 603 4560 man
620 4505 707 4574 116161,
726 4505 777 4561 uie
804 4505 1028 4574 bedeutuugsvoll
1051 4506 1114 4576 jede
1141 4507 1226 4576 Reda,
1250 4508 1327 4578 jeder
1354 4507 1529 4576 Ohcrgsssug
1556 4507 1601 4576 ist,
1627 4508 1680 4564 wie
1702 4507 1769 4564 61166
1786 4507 1926 4574 timens,
1945 4521 2025 4562 weuu

201 4591 293 4662 gleicb
311 4592 722 4650 166661116166116161611661161
740 4593 902 4662 verbunden,
921 4593 1051 4648 inuerlich
1074 4595 1143 4650 nach
1164 4595 1261 4651 Eiuem
1283 4594 1391 4650 Purrkte
1409 4594 1551 4663 hiustrebt,
1570 4593 1622 4650 wie
1636 4595 1714 4666 jeder
1732 4611 1781 4650 aus
1798 4593 1942 4662 susalligcr
1960 4593 2025 4648 Per-

201 4679 365 4736 senlichkeit
390 4681 548 4750 geschbptts
574 4681 834 4762 Berreguugsgrund
861 4681 981 4738 eutterut
1006 4681 1052 4750 ist,
1079 4682 1130 4738 wie
1148 4698 1199 4736 nur
1217 4682 1260 4738 616
1277 4687 1432 4751 gressesteu
1449 4682 1504 4737 666
1523 4681 1841 4740 dichterlschsteuldsen
1859 4681 1903 4738 616
1921 4681 2024 4737 11661611

202 4767 356 4824 1161166666
373 4768 429 4823 und
445 4768 640 4824 herrscbendeu
659 4769 727 4838 sind,
745 4768 800 4824 und
817 4767 869 4824 1116
887 4767 935 4826 661
952 4768 1067 4825 Dichter
1085 4769 1235 4838 dergestalt
1252 4769 1320 4825 61166
1337 4769 1409 4824 bloss
1427 4769 1609 4827 Memcbliche
1625 4770 1680 4826 666
1698 4769 1819 4826 11616616
1837 4769 1951 4839 vertilgt
1968 4769 2027 4838 hat,

203 4855 267 4910 dass
284 4871 313 4912 es
329 4855 385 4912 ihm
403 4856 541 4925 gangen
557 4855 602 4926 ist,
621 4857 668 4912 das
686 4857 761 4913 reine
778 4857 887 4925 Symbcl
910 4857 957 4912 des
984 4857 1178 4913 menschlichen
1206 4856 1366 4926 Schiclrsals,
1385 4856 1433 4914 666
1450 4858 1598 4926 gerechterr
1614 4857 1742 4914 Walters
1759 4858 1807 4914 der
1825 4856 1960 4927 Gottheit,
1978 4856 2027 4913 des

202 4941 277 5011 eucig
293 4943 484 5012 uergelteuden
503 4944 716 5014 Verhtugrrisses
743 4945 930 5013 hiusustelleu,
957 4945 1005 5000 das
1032 4945 1204 5001 unerhittlich
1234 4943 1334 5001 Schuld
1361 4945 1445 5002 durch
1464 4945 1564 5004 Schuld
1582 4963 1611 5003 so
1630 4945 1711 5016 lange
1729 4947 1815 5016 recht,
1833 4945 1874 5002 bis
1895 4945 1939 5002 616
1957 4945 2027 5002 Gott

200 5030 378 5086 mitleidsroll
396 5031 440 5088 die
458 5031 561 5088 suletst
577 5032 736 5103 begangene
754 5033 890 5088 verstbut.

331 5115 389 5186 Ν)
407 5119 588 5176 1166611661
614 5119 795 5177 Hermauni
822 5120 967 5176 editiomm
994 5119 1100 5176 emerit
1125 5119 1306 5176 Mauricius
1333 5119 1514 5190 Hauptius.
1550 5119 1672 5178 Β6161161
1689 5122 1768 5176 1662.
1803 5119 1835 5177 Π
1852 5119 1905 5178 rol.
1929 5121 2030 5190 [611616

199 5206 288 5264 editio
307 5206 373 5264 item
390 5208 511 5264 Β6161161
529 5209 601 5278 apud
618 5209 811 5266 Weidmaunos
829 5207 930 5277 prodiit
947 5224 973 5265 6.
992 5205 1088 5276 lecet.

1828 5311 1843 5365 l
