4576 5834
299 456 478 542 applicatus
522 456 659 544 luerit,*)
705 457 848 540 intellegi
883 477 977 542 posse
1011 455 1184 523 doctissimi
1216 457 1403 544 interpretes
1436 465 1521 523 recte
1554 461 1597 526 ad
1629 461 1715 526 hone
1747 459 1848 524 locum
1881 457 2126 523 adnotaverunt.

299 571 396 640 atque
419 559 527 623 harum
551 557 795 642 explicationum
818 557 998 624 utramlibet
1019 579 1163 642 sequare,
1186 567 1307 626 tantum
1330 559 1457 642 quidem
1473 571 1592 628 certum
1609 569 1656 628 est
1672 561 1817 646 usurpari
1839 559 1899 624 hoc
1920 559 2124 643 proverbium

299 659 340 724 de
362 660 403 726 iis
426 661 478 742 qni
499 677 577 744 prae
598 666 684 724 metu
706 667 822 727 tacent.
869 665 902 725 at
924 679 998 726 vero
1020 661 1118 726 molto
1150 661 1252 745 magis
1284 661 1317 726 in
1347 661 1481 728 obscuro
1503 672 1577 729 sunt
1598 664 1708 730 ultima
1731 661 1869 728 custodis
1890 660 1988 725 verba
2008 660 2058 725 38.
2079 659 2127 724 39

299 762 344 828 ῶε
368 762 449 826 ἑκὼν
472 762 535 838 ἐγὼ
559 759 564 848 l
588 763 740 840 pcooccu
762 761 859 832 αὐδῶ,
892 761 950 826 κού
984 765 1116 842 μοθοῦιι
1148 763 1291 840 λήθομαι,
1326 762 1440 844 quibus
1474 763 1735 831 Schneiderrinus
1784 783 1931 828 arcanam
1964 760 2124 843 quandarn

299 865 405 931 neseio
433 863 521 928 cuins
553 862 735 946 mystagogi
769 861 942 927 doctrinam
976 873 1008 928 et
1040 864 1189 941 μνετικὴν
1221 864 1343 942 ειωπήν
1374 863 1395 928 i.
1429 885 1456 932 e.
1490 865 1614 944 ἄρρητα
1645 867 1917 951 Pythagoreorum
1951 882 2127 943 eorumque

298 963 533 1046 autuonsomo(
555 971 586 1028 et
608 963 813 1042 ἑεωτερικούε
836 964 902 1030 sive
925 963 1141 1042 μεμυημένον(
1164 964 1332 1046 significari
1354 966 1415 1031 sibi
1438 969 1595 1052 persuasit
1615 968 1760 1033 nimirum
1789 966 1871 1030 ἑκῶν
1893 985 1963 1030 eum
1985 965 2125 1042 λήθομαι

298 1067 458 1135 artissime
476 1067 612 1149 iungens
634 1072 664 1130 et
686 1065 725 1128 τὰ
747 1065 771 1129 δ’
796 1065 878 1130 ἄλλα
899 1069 983 1142 αγῶ,
1006 1065 1051 1130 ιδ(
1073 1064 1161 1129 ἑκῶν-
1177 1069 1244 1131 τοῖς
1267 1067 1306 1131 οὐ
1329 1071 1462 1146 μαθούει
1485 1071 1620 1149 λήθομαι
1642 1068 1829 1135 sententiam
1845 1067 2025 1152 primariam
2041 1085 2124 1144 esse,

297 1170 351 1236 illa
372 1189 448 1236 vero
471 1169 570 1233 verba
591 1171 742 1246 μαθοῦιιν
764 1167 852 1231 αὐδῶ
876 1165 918 1232 ad
940 1165 1057 1232 silendi
1080 1166 1239 1232 notionem
1261 1168 1365 1254 magis
1388 1169 1581 1235 efferendam
1603 1170 1729 1235 adiecta
1750 1167 1850 1233 videri
1867 1169 1985 1234 dicens.
2014 1177 2127 1234 contra

301 1275 442 1357 Engerus
474 1279 538 1334 tam
571 1268 741 1334 artificiosa
774 1268 1032 1352 interpretatione
1067 1287 1146 1351 opus
1178 1286 1252 1334 esse
1281 1289 1403 1354 negans
1436 1270 1483 1338 sio
1514 1272 1615 1336 verba
1646 1271 1702 1336 illa
1736 1270 1919 1354 explicavit:
1955 1269 2026 1345 ,hoc
2048 1268 2124 1333 dicit

298 1371 476 1439 excubitor:
499 1371 619 1452 reliqna
641 1381 740 1448 taceo,
765 1371 844 1434 haec
877 1371 959 1434 enirn
993 1378 1065 1434 strnt
1098 1389 1215 1434 arcana
1247 1390 1329 1452 qnae
1362 1370 1527 1458 divulgare
1553 1393 1617 1438 non
1640 1373 1725 1439 licet:
1748 1393 1821 1436 nam
1844 1370 1872 1434 is
1895 1391 1955 1453 ego
1977 1391 2048 1436 sum
2072 1373 2121 1454 qui

299 1475 411 1540 lubens
434 1471 560 1556 quidem
583 1492 781 1536 cumeorum
804 1492 911 1537 sunrns
944 1471 1028 1536 servi
1061 1471 1215 1536 eiusmodi
1249 1493 1299 1539 res
1328 1474 1475 1556 garriam,
1499 1473 1555 1540 sed
1579 1481 1612 1540 ut
1635 1474 1727 1540 decet
1749 1493 1872 1539 servum
1896 1473 2022 1552 honum,
2047 1471 2118 1536 nihil

300 1575 429 1641 efferam
452 1580 482 1638 et
505 1593 608 1638 coram
632 1573 704 1638 aliis
726 1573 822 1638 etiam
845 1573 877 1637 id
910 1572 994 1654 qnod
1027 1572 1126 1638 sciam
1160 1574 1316 1638 nesciam!
1360 1576 1417 1641 sed
1450 1577 1531 1641 haec
1564 1596 1688 1658 qnoque
1711 1575 1738 1641 si
1761 1573 1837 1657 quid
1860 1575 1961 1658 sapio,
1985 1572 2120 1656 quodam

299 1676 393 1744 modo
415 1674 594 1740 claudicare
616 1675 694 1739 mibi
716 1674 869 1740 videntur.
904 1695 975 1738 nam
995 1675 1058 1738 tale
1074 1674 1148 1756 quid
1164 1673 1191 1742 si
1208 1693 1321 1758 reapse
1337 1676 1458 1743 diceret
1473 1685 1591 1759 eustoc,
1615 1677 1683 1762 ipse
1707 1677 1848 1742 consulto
1872 1695 1906 1741 so
1928 1677 2121 1759 garrulitatis

299 1786 463 1844 accusaret
485 1777 617 1860 ipseque
640 1775 834 1860 ineptissime
859 1775 920 1840 sibi
949 1785 1058 1841 contra
1080 1776 1200 1841 diceret
1223 1777 1328 1842 verbis
1350 1778 1412 1845 illis
1433 1779 1472 1842 τὰ
1495 1778 1520 1842 δ’
1538 1779 1790 1854 dilaceraret.
1811 1816 1854 1826 -
1874 1779 1919 1843 ῶ(
1943 1777 2040 1841 ἑκὼν
2061 1778 2120 1852 ἐγὼ

299 1883 451 1959 μαθοῡιιν
472 1879 570 1943 αὐδῶ.
614 1876 771 1960 quomodo
794 1877 876 1941 enirn
898 1898 1017 1961 quaeso
1041 1877 1068 1943 is
1092 1879 1144 1959 qui
1168 1885 1252 1943 tacet
1268 1887 1298 1943 et
1315 1879 1402 1946 cuins
1418 1880 1465 1945 ori
1480 1880 1567 1945 velut
1582 1880 1709 1944 vincula
1724 1880 1872 1964 imposita
1888 1889 1970 1959 sunt,
1987 1879 2115 1964 lubens

298 1981 418 2065 garrire
440 1977 503 2044 dici
528 1979 648 2064 possit?
671 1999 765 2060 quant
788 1977 915 2061 quidem
939 1979 1156 2044 difficultatem
1179 1987 1210 2044 ot
1232 1981 1473 2064 repugnantiam
1497 1981 1541 2046 ita
1568 1999 1731 2046 removere
1754 1991 1886 2046 conatus
1910 1987 1958 2045 est
1979 1979 2115 2044 Keclrins

300 2091 333 2147 ut
353 2081 543 2148 sententiam
564 2080 796 2146 Sclrneidewini
823 2082 1065 2164 amplecteretur
1086 2101 1194 2146 vocem
1218 2081 1300 2145 ἑκῶν
1323 2102 1391 2146 curn
1414 2084 1511 2148 verbo
1534 2084 1670 2161 λήθομαι
1686 2083 1764 2168 (non
1780 2105 1847 2149 curn
1864 2084 1967 2152 αὐδῶ)
1991 2081 2121 2164 iungens

299 2184 444 2265 duosque
465 2182 584 2248 similes
606 2183 691 2247 locos
714 2182 911 2248 Herodoteos
945 2203 1013 2247 cnm
1048 2182 1159 2248 eodem
1193 2182 1438 2249 Schneidewino
1461 2185 1597 2250 afferens
1619 2189 1649 2266 4,
1671 2186 1713 2251 43
1735 2185 1879 2263 χρήματα
1900 2183 1981 2261 ἀνὴρ
2005 2183 2122 2260 Σάμιος

298 2287 515 2364 tantoperest
540 2284 801 2361 ἐπιιτάμενοετὸ
824 2284 946 2363 οὐνομα
969 2285 1065 2350 ἑκὼν
1088 2284 1315 2362 ἐπιλήθομαι
1348 2294 1379 2352 et
1412 2287 1441 2367 3,
1478 2287 1538 2352 147
1564 2287 1688 2352 τούτων
1711 2288 1768 2365 μὲν
1790 2287 1889 2350 ἑκῶν
1913 2285 2124 2361 ἐπελήθετο

299 2409 337 2452 ac
359 2394 527 2471 praeterea
548 2406 605 2470 pro
628 2387 716 2450 αὐδῶ
739 2386 795 2450 κού
819 2407 836 2450 e
859 2386 927 2452 cod.
964 2387 1051 2452 lless.
1085 2387 1193 2450 αὐδῶν
1226 2387 1264 2450 οὐ
1295 2388 1463 2454 asciscens.
1509 2406 1592 2468 quae
1617 2386 1845 2470 interpretandi
1870 2383 2124 2468 emendandiqne

299 2489 379 2554 ratio
402 2507 512 2554 vercor·
534 2495 569 2552 ut
592 2487 736 2572 cuiqnam
761 2486 914 2572 placitura
946 2489 986 2554 sit
1020 2497 1083 2553 turn
1118 2497 1246 2573 propter
1279 2490 1465 2554 insolentem
1499 2489 1550 2552 vel
1585 2489 1690 2574 potius
1724 2507 1906 2572 perversam
1931 2488 2018 2553 vocis
2038 2487 2125 2551 ἑκῶν

300 2590 536 2656 collocationem
560 2599 624 2653 turn
648 2590 720 2672 quia
744 2611 782 2654 nc
804 2589 999 2673 sicquidem
1022 2589 1233 2674 repugnantia
1255 2591 1309 2655 illa
1331 2597 1429 2676 (qnae
1452 2590 1535 2655 inest
1557 2589 1590 2652 in
1612 2589 1718 2653 verbis
1741 2593 1816 2664 ειγῶ
1840 2627 1880 2637 --
1897 2590 2015 2668 αὐδῶν)
2031 2607 2122 2671 prot·-

299 2712 352 2759 sus
373 2704 557 2758 removetur.
603 2711 684 2772 quae
708 2713 778 2756 cunr
801 2693 844 2755 ita
866 2692 937 2773 sint,
962 2693 1034 2755 rnilri
1058 2689 1185 2774 quidem
1208 2691 1342 2775 pristina
1365 2689 1513 2774 Aeschyli
1535 2710 1647 2756 uranus
1671 2689 1717 2755 sio
1739 2689 1889 2754 faoillime
1913 2699 1944 2754 et
1959 2689 2124 2754 lenissime

298 2795 504 2859 instauranda
527 2793 663 2858 videtur:
686 2794 729 2857 drc
753 2794 856 2858 ἄκων
879 2795 942 2867 tro
966 2791 970 2876 1
994 2796 1145 2870 μαθούειν
1168 2794 1256 2856 αὐδῶ
1279 2792 1337 2855 κού
1354 2795 1486 2871 μαθούει
1502 2793 1646 2871 λήθομαι.
1677 2792 1792 2856 etenim
1809 2791 1868 2856 hoc
1884 2790 1961 2854 dicit
1984 2791 2127 2874 prudens

298 2895 472 2961 taciturnus
506 2904 537 2959 et
571 2894 652 2960 lidus
686 2905 791 2960 custos
826 2915 860 2960 sc
893 2895 933 2958 tle
968 2893 1092 2959 occulta
1125 2915 1157 2958 re
1188 2894 1244 2959 illa
1276 2913 1389 2978 nempe
1422 2892 1463 2956 de
1495 2894 1603 2958 illicito
1634 2894 1764 2976 reginae
1792 2912 1898 2957 aurore
1922 2912 1991 2957 curn
2015 2893 2125 2975 gnaris

299 2996 460 3062 intritum
492 2997 587 3079 loqui,
622 3016 726 3062 coram
761 2997 879 3080 ignaris
909 3016 982 3062 νονο
1014 3017 1050 3062 oe
1082 2994 1159 3060 illud
1192 2995 1286 3079 plano
1320 2995 1474 3076 oblivisci,
1511 2993 1595 3077 qnod
1627 2993 1711 3058 idem
1745 3003 1793 3059 est
1828 2994 1887 3058 hoc
1920 2993 1991 3059 loco
2028 3003 2121 3076 utrque

299 3098 469 3163 reticere.
495 3137 534 3146 --

1016 3510 1251 3605 caput
1277 3511 1416 3587 ΠΣ.

646 3703 755 3798 Do
798 3701 1313 3828 compositione
1353 3699 1775 3794 antithoiioa.

452 3924 500 3986 lle
523 3921 707 3986 antithetica
740 3919 860 4004 prologi
895 3917 1123 4002 compositione
1156 3919 1225 4004 ipse
1258 3918 1405 3983 inuentor·
1436 3916 1515 4000 legis
1548 3916 1632 3982 illius
1666 3917 1865 4001 Aesclryleac'
1891 3915 2024 3983 Weil'rus
2046 3918 2124 3980 haec

299 4025 377 4090 dicit
400 4025 431 4088 in
455 4022 619 4088 addendis
643 4021 684 4086 ad
708 4018 899 4086 Eumenides
932 4039 962 4102 p.
999 4022 1072 4086 126:
1106 4021 1284 4102 ,exordium
1318 4039 1465 4085 versuum
1498 4028 1620 4102 septem
1647 4019 1698 4084 vel
1722 4019 1828 4102 potins
1851 4039 1908 4084 sex
1930 4027 1962 4082 et
1984 4019 2127 4085 clausula

300 4125 502 4209 quaternaria
535 4122 726 4188 circumdant
759 4141 871 4190 versus
905 4121 952 4185 bis
985 4129 1155 4202 quaternos
1188 4121 1287 4186 denos
1320 4123 1362 4203 (4,
1397 4124 1426 4202 8,
1459 4123 1488 4184 8.
1522 4122 1551 4202 4,
1579 4124 1608 4202 8,
1639 4124 1671 4202 2)
1710 4140 1811 4204 pausa
1833 4140 1915 4203 quae
1938 4129 2011 4205 post
2032 4143 2060 4187 r.
2083 4123 2126 4188 21

300 4227 476 4307 intercedit,
504 4224 679 4290 distinctos.
725 4243 802 4304 equos
837 4223 938 4306 priore
971 4222 1039 4286 loco
1073 4221 1201 4309 [custos]
1236 4229 1475 4306 exspectaverat
1510 4221 1611 4304 ignes,
1645 4221 1744 4286 altero
1778 4222 1909 4287 salutat:
1944 4222 2125 4305 vigiliarum

300 4327 414 4392 taediis
435 4327 601 4408 neniisqno
634 4325 733 4389 laetos
767 4333 876 4390 crrntus
909 4323 1113 4404 laborumque
1147 4321 1326 4386 mercedem
1357 4322 1502 4407 opponit:
1536 4331 1609 4389 voto
1642 4330 1807 4406 utrumque
1834 4324 1935 4388 locum
1958 4323 2124 4390 rernnnar:

300 4451 404 4513 aqua
427 4427 553 4510 quidem
578 4426 698 4510 parologi
721 4425 926 4510 discriptione
949 4423 1110 4510 paululum
1133 4423 1236 4487 differt
1267 4423 1410 4488 Kechius
1434 4443 1470 4488 eo
1495 4423 1580 4505 quod
1603 4422 1809 4489 concinnitati
1831 4423 1933 4507 magis
1956 4425 2129 4491 consulens

300 4533 444 4614 duosque
467 4549 575 4594 versus
598 4539 683 4612 (post
706 4548 734 4593 ν.
758 4531 777 4592 6
800 4528 947 4606 ἀκμῆτας,
971 4525 1036 4590 οἵτε
1064 4521 1244 4604 cupuivooc’
1270 4523 1318 4588 ἀεὶ
1343 4523 1347 4610 l
1371 4524 1471 4601 photi(
1494 4524 1523 4588 θ’
1545 4534 1577 4590 et
1600 4533 1671 4609 post
1694 4547 1721 4591 v.
1744 4527 1784 4590 25
1806 4524 1911 4590 παιᾶν’
1934 4527 2048 4602 ἰακχεῖν
2072 4527 2128 4588 δεῖ

300 4629 413 4711 νάματ’
436 4631 473 4695 ἰῶ
497 4631 548 4711 ἰῶ)
571 4629 640 4713 ipso
663 4628 819 4712 affingens
853 4639 884 4693 ct
916 4629 1059 4694 inserens
1093 4626 1256 4692 exordium
1290 4633 1377 4690 octo
1410 4625 1556 4692 versibus
1590 4635 1734 4692 constare
1768 4635 1929 4711 totumque
1960 4625 2127 4711 prologum

301 4734 508 4817 compositum
531 4749 601 4796 esse
625 4730 722 4795 voluit
745 4729 918 4796 secundum
952 4731 1033 4795 hanc
1066 4727 1301 4794 concinniorem
1334 4745 1411 4792 sane
1444 4727 1609 4793 formulam
1636 4729 1666 4793 8.
1688 4731 1718 4810 4,
1743 4731 1771 4811 8,
1796 4731 1829 4793 2:
1852 4731 1882 4810 4,
1905 4731 1934 4809 8,
1958 4733 1987 4794 2.
2009 4729 2040 4792 4.
2065 4747 2125 4809 ego

300 4854 436 4899 verone
460 4833 491 4897 in
514 4832 568 4896 tali
591 4829 718 4914 quidem
752 4833 962 4898 concinnitate
995 4831 1202 4912 acquiescens
1235 4847 1454 4910 summamque
1487 4840 1587 4896 artem
1610 4832 1641 4896 in
1665 4830 1823 4914 Aeschylo
1848 4849 2006 4912 quaerens
2029 4837 2123 4912 atquc

300 4943 453 5018 expetens
475 4934 637 5018 prologum
660 4943 800 5000 nostrum
823 4935 864 5000 ad
885 4936 968 4999 hanc
990 4932 1260 5016 elegantissimam
1287 4928 1485 5014 eandemque
1513 4932 1777 5017 simplicissimam
1801 4941 1833 4996 ct
1857 4929 2128 4996 evidentissimam

301 5091 503 5098 --—-—.---.-

460 5174 486 5239 *l
506 5175 550 5230 Sic
569 5176 669 5230 dictttm
687 5173 754 5231 illud
773 5172 917 5243 explicavit
936 5174 1085 5230 Lobeckins
1104 5174 1131 5228 in
1150 5173 1331 5242 Aglaophami
1349 5173 1399 5227 rol.
1420 5171 1435 5226 l
1454 5189 1480 5240 p.
1498 5173 1532 5227 38
1552 5187 1630 5238 quern
1649 5177 1755 5226 secutus
1775 5181 1816 5227 est
1836 5172 1963 5228 Keetrius.
